%YAML 1.1
%TAG !u! tag:unity3d.com,2011:
--- !u!1001 &100100000
Prefab:
  m_ObjectHideFlags: 1
  serializedVersion: 2
  m_Modification:
    m_TransformParent: {fileID: 0}
    m_Modifications: []
    m_RemovedComponents: []
  m_ParentPrefab: {fileID: 0}
  m_RootGameObject: {fileID: 1698819713840720}
  m_IsPrefabParent: 1
--- !u!1 &1014458241552218
GameObject:
  m_ObjectHideFlags: 1
  m_PrefabParentObject: {fileID: 0}
  m_PrefabInternal: {fileID: 100100000}
  serializedVersion: 5
  m_Component:
  - component: {fileID: 4008167958849172}
  m_Layer: 2
  m_Name: mixamorig:RightHandRing1
  m_TagString: OCTouchPlayer
  m_Icon: {fileID: 0}
  m_NavMeshLayer: 0
  m_StaticEditorFlags: 0
  m_IsActive: 1
--- !u!1 &1017212426608390
GameObject:
  m_ObjectHideFlags: 1
  m_PrefabParentObject: {fileID: 0}
  m_PrefabInternal: {fileID: 100100000}
  serializedVersion: 5
  m_Component:
  - component: {fileID: 4345253468814036}
  m_Layer: 2
  m_Name: mixamorig:Spine1
  m_TagString: OCTouchPlayer
  m_Icon: {fileID: 0}
  m_NavMeshLayer: 0
  m_StaticEditorFlags: 0
  m_IsActive: 1
--- !u!1 &1063343074749708
GameObject:
  m_ObjectHideFlags: 1
  m_PrefabParentObject: {fileID: 0}
  m_PrefabInternal: {fileID: 100100000}
  serializedVersion: 5
  m_Component:
  - component: {fileID: 4269536880717276}
  m_Layer: 2
  m_Name: mixamorig:RightShoulder
  m_TagString: OCTouchPlayer
  m_Icon: {fileID: 0}
  m_NavMeshLayer: 0
  m_StaticEditorFlags: 0
  m_IsActive: 1
--- !u!1 &1089245512518420
GameObject:
  m_ObjectHideFlags: 1
  m_PrefabParentObject: {fileID: 0}
  m_PrefabInternal: {fileID: 100100000}
  serializedVersion: 5
  m_Component:
  - component: {fileID: 224660545869990506}
  - component: {fileID: 222017915145477306}
  - component: {fileID: 114910742265450914}
  m_Layer: 2
  m_Name: Image
  m_TagString: Untagged
  m_Icon: {fileID: 0}
  m_NavMeshLayer: 0
  m_StaticEditorFlags: 0
  m_IsActive: 1
--- !u!1 &1097499598267634
GameObject:
  m_ObjectHideFlags: 1
  m_PrefabParentObject: {fileID: 0}
  m_PrefabInternal: {fileID: 100100000}
  serializedVersion: 5
  m_Component:
  - component: {fileID: 4989048400679024}
  m_Layer: 2
  m_Name: mixamorig:LeftHandPinky2
  m_TagString: Untagged
  m_Icon: {fileID: 0}
  m_NavMeshLayer: 0
  m_StaticEditorFlags: 0
  m_IsActive: 1
--- !u!1 &1125659638150594
GameObject:
  m_ObjectHideFlags: 1
  m_PrefabParentObject: {fileID: 0}
  m_PrefabInternal: {fileID: 100100000}
  serializedVersion: 5
  m_Component:
  - component: {fileID: 4629080843329242}
  m_Layer: 2
  m_Name: mixamorig:LeftToeBase
  m_TagString: Untagged
  m_Icon: {fileID: 0}
  m_NavMeshLayer: 0
  m_StaticEditorFlags: 0
  m_IsActive: 1
--- !u!1 &1130215555166310
GameObject:
  m_ObjectHideFlags: 1
  m_PrefabParentObject: {fileID: 0}
  m_PrefabInternal: {fileID: 100100000}
  serializedVersion: 5
  m_Component:
  - component: {fileID: 4430881006868898}
  m_Layer: 2
  m_Name: mixamorig:LeftHandThumb4
  m_TagString: Untagged
  m_Icon: {fileID: 0}
  m_NavMeshLayer: 0
  m_StaticEditorFlags: 0
  m_IsActive: 1
--- !u!1 &1162710968048474
GameObject:
  m_ObjectHideFlags: 0
  m_PrefabParentObject: {fileID: 0}
  m_PrefabInternal: {fileID: 100100000}
  serializedVersion: 5
  m_Component:
  - component: {fileID: 4633494898534064}
  m_Layer: 2
  m_Name: ikHandle2
  m_TagString: OCTouchPlayer
  m_Icon: {fileID: 0}
  m_NavMeshLayer: 0
  m_StaticEditorFlags: 0
  m_IsActive: 1
--- !u!1 &1170412908024158
GameObject:
  m_ObjectHideFlags: 1
  m_PrefabParentObject: {fileID: 0}
  m_PrefabInternal: {fileID: 100100000}
  serializedVersion: 5
  m_Component:
  - component: {fileID: 4158100203989778}
  m_Layer: 2
  m_Name: mixamorig:LeftHandPinky3
  m_TagString: Untagged
  m_Icon: {fileID: 0}
  m_NavMeshLayer: 0
  m_StaticEditorFlags: 0
  m_IsActive: 1
--- !u!1 &1171943540315154
GameObject:
  m_ObjectHideFlags: 1
  m_PrefabParentObject: {fileID: 0}
  m_PrefabInternal: {fileID: 100100000}
  serializedVersion: 5
  m_Component:
  - component: {fileID: 4855122596781224}
  m_Layer: 2
  m_Name: mixamorig:RightHandMiddle3
  m_TagString: Untagged
  m_Icon: {fileID: 0}
  m_NavMeshLayer: 0
  m_StaticEditorFlags: 0
  m_IsActive: 1
--- !u!1 &1193128504074186
GameObject:
  m_ObjectHideFlags: 1
  m_PrefabParentObject: {fileID: 0}
  m_PrefabInternal: {fileID: 100100000}
  serializedVersion: 5
  m_Component:
  - component: {fileID: 4773665257471686}
  m_Layer: 2
  m_Name: mixamorig:RightHandThumb2
  m_TagString: Untagged
  m_Icon: {fileID: 0}
  m_NavMeshLayer: 0
  m_StaticEditorFlags: 0
  m_IsActive: 1
--- !u!1 &1203700595703864
GameObject:
  m_ObjectHideFlags: 1
  m_PrefabParentObject: {fileID: 0}
  m_PrefabInternal: {fileID: 100100000}
  serializedVersion: 5
  m_Component:
  - component: {fileID: 224035162268976404}
  - component: {fileID: 223151319744594462}
  - component: {fileID: 114815117011232724}
  - component: {fileID: 114100058861031604}
  m_Layer: 2
  m_Name: Canvas
  m_TagString: Untagged
  m_Icon: {fileID: 0}
  m_NavMeshLayer: 0
  m_StaticEditorFlags: 0
  m_IsActive: 1
--- !u!1 &1211362010441174
GameObject:
  m_ObjectHideFlags: 0
  m_PrefabParentObject: {fileID: 0}
  m_PrefabInternal: {fileID: 100100000}
  serializedVersion: 5
  m_Component:
  - component: {fileID: 4154360834171402}
  - component: {fileID: 114029629319283206}
  - component: {fileID: 114720695205853138}
  - component: {fileID: 114928680339879552}
  - component: {fileID: 135056092693407282}
  m_Layer: 2
  m_Name: InteractionManager
  m_TagString: Untagged
  m_Icon: {fileID: 0}
  m_NavMeshLayer: 0
  m_StaticEditorFlags: 0
  m_IsActive: 1
--- !u!1 &1226129644894772
GameObject:
  m_ObjectHideFlags: 0
  m_PrefabParentObject: {fileID: 0}
  m_PrefabInternal: {fileID: 100100000}
  serializedVersion: 5
  m_Component:
  - component: {fileID: 4852955191803942}
  m_Layer: 2
  m_Name: ikHandle1
  m_TagString: OCTouchPlayer
  m_Icon: {fileID: 0}
  m_NavMeshLayer: 0
  m_StaticEditorFlags: 0
  m_IsActive: 1
--- !u!1 &1237180594625316
GameObject:
  m_ObjectHideFlags: 1
  m_PrefabParentObject: {fileID: 0}
  m_PrefabInternal: {fileID: 100100000}
  serializedVersion: 5
  m_Component:
  - component: {fileID: 4796124454570412}
  m_Layer: 2
  m_Name: mixamorig:LeftFoot
  m_TagString: Untagged
  m_Icon: {fileID: 0}
  m_NavMeshLayer: 0
  m_StaticEditorFlags: 0
  m_IsActive: 1
--- !u!1 &1257499738014602
GameObject:
  m_ObjectHideFlags: 1
  m_PrefabParentObject: {fileID: 0}
  m_PrefabInternal: {fileID: 100100000}
  serializedVersion: 5
  m_Component:
  - component: {fileID: 4080037393463032}
  m_Layer: 2
  m_Name: mixamorig:RightHandIndex1
  m_TagString: OCTouchPlayer
  m_Icon: {fileID: 0}
  m_NavMeshLayer: 0
  m_StaticEditorFlags: 0
  m_IsActive: 1
--- !u!1 &1265730617642232
GameObject:
  m_ObjectHideFlags: 1
  m_PrefabParentObject: {fileID: 0}
  m_PrefabInternal: {fileID: 100100000}
  serializedVersion: 5
  m_Component:
  - component: {fileID: 4566274854677330}
  m_Layer: 2
  m_Name: mixamorig:RightHandMiddle4
  m_TagString: Untagged
  m_Icon: {fileID: 0}
  m_NavMeshLayer: 0
  m_StaticEditorFlags: 0
  m_IsActive: 1
--- !u!1 &1279224530524730
GameObject:
  m_ObjectHideFlags: 1
  m_PrefabParentObject: {fileID: 0}
  m_PrefabInternal: {fileID: 100100000}
  serializedVersion: 5
  m_Component:
  - component: {fileID: 4197428215191384}
  m_Layer: 2
  m_Name: mixamorig:RightForeArm
  m_TagString: OCTouchPlayer
  m_Icon: {fileID: 0}
  m_NavMeshLayer: 0
  m_StaticEditorFlags: 0
  m_IsActive: 1
--- !u!1 &1294019727761396
GameObject:
  m_ObjectHideFlags: 1
  m_PrefabParentObject: {fileID: 0}
  m_PrefabInternal: {fileID: 100100000}
  serializedVersion: 5
  m_Component:
  - component: {fileID: 4413945316051178}
  m_Layer: 2
  m_Name: mixamorig:LeftEye
  m_TagString: Untagged
  m_Icon: {fileID: 0}
  m_NavMeshLayer: 0
  m_StaticEditorFlags: 0
  m_IsActive: 1
--- !u!1 &1316473192375992
GameObject:
  m_ObjectHideFlags: 1
  m_PrefabParentObject: {fileID: 0}
  m_PrefabInternal: {fileID: 100100000}
  serializedVersion: 5
  m_Component:
  - component: {fileID: 4152574956135090}
  m_Layer: 2
  m_Name: mixamorig:RightArm
  m_TagString: OCTouchPlayer
  m_Icon: {fileID: 0}
  m_NavMeshLayer: 0
  m_StaticEditorFlags: 0
  m_IsActive: 1
--- !u!1 &1320192079819658
GameObject:
  m_ObjectHideFlags: 1
  m_PrefabParentObject: {fileID: 0}
  m_PrefabInternal: {fileID: 100100000}
  serializedVersion: 5
  m_Component:
  - component: {fileID: 4794062316567364}
  - component: {fileID: 95079222522826626}
  - component: {fileID: 114230390282176034}
  - component: {fileID: 114997858032624746}
  m_Layer: 2
  m_Name: mixamorig:RightHand
  m_TagString: OCTouchPlayer
  m_Icon: {fileID: 0}
  m_NavMeshLayer: 0
  m_StaticEditorFlags: 0
  m_IsActive: 1
--- !u!1 &1337834939857906
GameObject:
  m_ObjectHideFlags: 1
  m_PrefabParentObject: {fileID: 0}
  m_PrefabInternal: {fileID: 100100000}
  serializedVersion: 5
  m_Component:
  - component: {fileID: 4367672722771870}
  m_Layer: 2
  m_Name: mixamorig:RightEye
  m_TagString: Untagged
  m_Icon: {fileID: 0}
  m_NavMeshLayer: 0
  m_StaticEditorFlags: 0
  m_IsActive: 1
--- !u!1 &1348914806411102
GameObject:
  m_ObjectHideFlags: 1
  m_PrefabParentObject: {fileID: 0}
  m_PrefabInternal: {fileID: 100100000}
  serializedVersion: 5
  m_Component:
  - component: {fileID: 4980728968994048}
  m_Layer: 2
  m_Name: mixamorig:LeftLeg
  m_TagString: Untagged
  m_Icon: {fileID: 0}
  m_NavMeshLayer: 0
  m_StaticEditorFlags: 0
  m_IsActive: 1
--- !u!1 &1354032693533564
GameObject:
  m_ObjectHideFlags: 0
  m_PrefabParentObject: {fileID: 0}
  m_PrefabInternal: {fileID: 100100000}
  serializedVersion: 5
  m_Component:
  - component: {fileID: 4639822346046848}
  m_Layer: 2
  m_Name: TeleportMarker
  m_TagString: Untagged
  m_Icon: {fileID: 0}
  m_NavMeshLayer: 0
  m_StaticEditorFlags: 0
  m_IsActive: 1
--- !u!1 &1361652542781558
GameObject:
  m_ObjectHideFlags: 1
  m_PrefabParentObject: {fileID: 0}
  m_PrefabInternal: {fileID: 100100000}
  serializedVersion: 5
  m_Component:
  - component: {fileID: 4571741271612296}
  m_Layer: 2
  m_Name: mixamorig:HeadTop_End
  m_TagString: Untagged
  m_Icon: {fileID: 0}
  m_NavMeshLayer: 0
  m_StaticEditorFlags: 0
  m_IsActive: 1
--- !u!1 &1377171252903968
GameObject:
  m_ObjectHideFlags: 1
  m_PrefabParentObject: {fileID: 0}
  m_PrefabInternal: {fileID: 100100000}
  serializedVersion: 5
  m_Component:
  - component: {fileID: 4601728692834976}
  m_Layer: 2
  m_Name: mixamorig:LeftHandRing1
  m_TagString: Untagged
  m_Icon: {fileID: 0}
  m_NavMeshLayer: 0
  m_StaticEditorFlags: 0
  m_IsActive: 1
--- !u!1 &1390016753203814
GameObject:
  m_ObjectHideFlags: 1
  m_PrefabParentObject: {fileID: 0}
  m_PrefabInternal: {fileID: 100100000}
  serializedVersion: 5
  m_Component:
  - component: {fileID: 4693251859242656}
  m_Layer: 2
  m_Name: mixamorig:Spine2
  m_TagString: OCTouchPlayer
  m_Icon: {fileID: 0}
  m_NavMeshLayer: 0
  m_StaticEditorFlags: 0
  m_IsActive: 1
--- !u!1 &1399346846677196
GameObject:
  m_ObjectHideFlags: 1
  m_PrefabParentObject: {fileID: 0}
  m_PrefabInternal: {fileID: 100100000}
  serializedVersion: 5
  m_Component:
  - component: {fileID: 4165598019191604}
  m_Layer: 2
  m_Name: mixamorig:Spine
  m_TagString: OCTouchPlayer
  m_Icon: {fileID: 0}
  m_NavMeshLayer: 0
  m_StaticEditorFlags: 0
  m_IsActive: 1
--- !u!1 &1417813267204930
GameObject:
  m_ObjectHideFlags: 1
  m_PrefabParentObject: {fileID: 0}
  m_PrefabInternal: {fileID: 100100000}
  serializedVersion: 5
  m_Component:
  - component: {fileID: 4675222420236840}
  m_Layer: 2
  m_Name: mixamorig:RightFoot
  m_TagString: Untagged
  m_Icon: {fileID: 0}
  m_NavMeshLayer: 0
  m_StaticEditorFlags: 0
  m_IsActive: 1
--- !u!1 &1431788047250918
GameObject:
  m_ObjectHideFlags: 1
  m_PrefabParentObject: {fileID: 0}
  m_PrefabInternal: {fileID: 100100000}
  serializedVersion: 5
  m_Component:
  - component: {fileID: 4635643820169458}
  m_Layer: 2
  m_Name: mixamorig:RightHandRing2
  m_TagString: Untagged
  m_Icon: {fileID: 0}
  m_NavMeshLayer: 0
  m_StaticEditorFlags: 0
  m_IsActive: 1
--- !u!1 &1438074551965814
GameObject:
  m_ObjectHideFlags: 1
  m_PrefabParentObject: {fileID: 0}
  m_PrefabInternal: {fileID: 100100000}
  serializedVersion: 5
  m_Component:
  - component: {fileID: 4110725955743392}
  m_Layer: 2
  m_Name: FingerPointer
  m_TagString: Untagged
  m_Icon: {fileID: 0}
  m_NavMeshLayer: 0
  m_StaticEditorFlags: 0
  m_IsActive: 1
--- !u!1 &1449447064887048
GameObject:
  m_ObjectHideFlags: 1
  m_PrefabParentObject: {fileID: 0}
  m_PrefabInternal: {fileID: 100100000}
  serializedVersion: 5
  m_Component:
  - component: {fileID: 4966091104849008}
  m_Layer: 2
  m_Name: mixamorig:LeftHandThumb1
  m_TagString: Untagged
  m_Icon: {fileID: 0}
  m_NavMeshLayer: 0
  m_StaticEditorFlags: 0
  m_IsActive: 1
--- !u!1 &1456528827674990
GameObject:
  m_ObjectHideFlags: 1
  m_PrefabParentObject: {fileID: 0}
  m_PrefabInternal: {fileID: 100100000}
  serializedVersion: 5
  m_Component:
  - component: {fileID: 4576284601826096}
  m_Layer: 2
  m_Name: mixamorig:RightHandPinky1
  m_TagString: OCTouchPlayer
  m_Icon: {fileID: 0}
  m_NavMeshLayer: 0
  m_StaticEditorFlags: 0
  m_IsActive: 1
--- !u!1 &1458868319373914
GameObject:
  m_ObjectHideFlags: 1
  m_PrefabParentObject: {fileID: 0}
  m_PrefabInternal: {fileID: 100100000}
  serializedVersion: 5
  m_Component:
  - component: {fileID: 4782627252341460}
  m_Layer: 2
  m_Name: mixamorig:LeftHandMiddle2
  m_TagString: Untagged
  m_Icon: {fileID: 0}
  m_NavMeshLayer: 0
  m_StaticEditorFlags: 0
  m_IsActive: 1
--- !u!1 &1496180083380826
GameObject:
  m_ObjectHideFlags: 1
  m_PrefabParentObject: {fileID: 0}
  m_PrefabInternal: {fileID: 100100000}
  serializedVersion: 5
  m_Component:
  - component: {fileID: 4421706498119634}
  m_Layer: 2
  m_Name: mixamorig:RightHandMiddle2
  m_TagString: Untagged
  m_Icon: {fileID: 0}
  m_NavMeshLayer: 0
  m_StaticEditorFlags: 0
  m_IsActive: 1
--- !u!1 &1508193346086866
GameObject:
  m_ObjectHideFlags: 1
  m_PrefabParentObject: {fileID: 0}
  m_PrefabInternal: {fileID: 100100000}
  serializedVersion: 5
  m_Component:
  - component: {fileID: 4352143754282928}
  - component: {fileID: 95711859037735150}
  - component: {fileID: 114978383743256966}
  - component: {fileID: 114720247729172240}
  m_Layer: 2
  m_Name: mixamorig:LeftHand
  m_TagString: OCTouchPlayer
  m_Icon: {fileID: 0}
  m_NavMeshLayer: 0
  m_StaticEditorFlags: 0
  m_IsActive: 1
--- !u!1 &1517221766160084
GameObject:
  m_ObjectHideFlags: 1
  m_PrefabParentObject: {fileID: 0}
  m_PrefabInternal: {fileID: 100100000}
  serializedVersion: 5
  m_Component:
  - component: {fileID: 4509882032004698}
  m_Layer: 2
  m_Name: mixamorig:LeftHandIndex1
  m_TagString: Untagged
  m_Icon: {fileID: 0}
  m_NavMeshLayer: 0
  m_StaticEditorFlags: 0
  m_IsActive: 1
--- !u!1 &1529826276912240
GameObject:
  m_ObjectHideFlags: 1
  m_PrefabParentObject: {fileID: 0}
  m_PrefabInternal: {fileID: 100100000}
  serializedVersion: 5
  m_Component:
  - component: {fileID: 4364682603165778}
  m_Layer: 2
  m_Name: mixamorig:RightHandRing4
  m_TagString: Untagged
  m_Icon: {fileID: 0}
  m_NavMeshLayer: 0
  m_StaticEditorFlags: 0
  m_IsActive: 1
--- !u!1 &1531945093566584
GameObject:
  m_ObjectHideFlags: 1
  m_PrefabParentObject: {fileID: 0}
  m_PrefabInternal: {fileID: 100100000}
  serializedVersion: 5
  m_Component:
  - component: {fileID: 4534611786698046}
  m_Layer: 2
  m_Name: mixamorig:RightToeBase
  m_TagString: Untagged
  m_Icon: {fileID: 0}
  m_NavMeshLayer: 0
  m_StaticEditorFlags: 0
  m_IsActive: 1
--- !u!1 &1541494432144878
GameObject:
  m_ObjectHideFlags: 1
  m_PrefabParentObject: {fileID: 0}
  m_PrefabInternal: {fileID: 100100000}
  serializedVersion: 5
  m_Component:
  - component: {fileID: 4543474376101824}
  m_Layer: 2
  m_Name: mixamorig:RightHandIndex3
  m_TagString: Untagged
  m_Icon: {fileID: 0}
  m_NavMeshLayer: 0
  m_StaticEditorFlags: 0
  m_IsActive: 1
--- !u!1 &1545826512575918
GameObject:
  m_ObjectHideFlags: 1
  m_PrefabParentObject: {fileID: 0}
  m_PrefabInternal: {fileID: 100100000}
  serializedVersion: 5
  m_Component:
  - component: {fileID: 4696193903218940}
  m_Layer: 2
  m_Name: mixamorig:LeftShoulder
  m_TagString: OCTouchPlayer
  m_Icon: {fileID: 0}
  m_NavMeshLayer: 0
  m_StaticEditorFlags: 0
  m_IsActive: 1
--- !u!1 &1555712780265220
GameObject:
  m_ObjectHideFlags: 1
  m_PrefabParentObject: {fileID: 0}
  m_PrefabInternal: {fileID: 100100000}
  serializedVersion: 5
  m_Component:
  - component: {fileID: 4511338287881180}
  m_Layer: 2
  m_Name: mixamorig:RightHandPinky4
  m_TagString: Untagged
  m_Icon: {fileID: 0}
  m_NavMeshLayer: 0
  m_StaticEditorFlags: 0
  m_IsActive: 1
--- !u!1 &1574532771609648
GameObject:
  m_ObjectHideFlags: 1
  m_PrefabParentObject: {fileID: 0}
  m_PrefabInternal: {fileID: 100100000}
  serializedVersion: 5
  m_Component:
  - component: {fileID: 4356650994299772}
  m_Layer: 2
  m_Name: mixamorig:LeftHandIndex3
  m_TagString: Untagged
  m_Icon: {fileID: 0}
  m_NavMeshLayer: 0
  m_StaticEditorFlags: 0
  m_IsActive: 1
--- !u!1 &1576393185250806
GameObject:
  m_ObjectHideFlags: 1
  m_PrefabParentObject: {fileID: 0}
  m_PrefabInternal: {fileID: 100100000}
  serializedVersion: 5
  m_Component:
  - component: {fileID: 4249491969468534}
  m_Layer: 2
  m_Name: mixamorig:Neck
  m_TagString: OCTouchPlayer
  m_Icon: {fileID: 0}
  m_NavMeshLayer: 0
  m_StaticEditorFlags: 0
  m_IsActive: 1
--- !u!1 &1576516162536832
GameObject:
  m_ObjectHideFlags: 1
  m_PrefabParentObject: {fileID: 0}
  m_PrefabInternal: {fileID: 100100000}
  serializedVersion: 5
  m_Component:
  - component: {fileID: 4015844998388626}
  m_Layer: 2
  m_Name: mixamorig:LeftToe_End
  m_TagString: Untagged
  m_Icon: {fileID: 0}
  m_NavMeshLayer: 0
  m_StaticEditorFlags: 0
  m_IsActive: 1
--- !u!1 &1583801571292432
GameObject:
  m_ObjectHideFlags: 1
  m_PrefabParentObject: {fileID: 0}
  m_PrefabInternal: {fileID: 100100000}
  serializedVersion: 5
  m_Component:
  - component: {fileID: 4840538740245130}
  m_Layer: 2
  m_Name: mixamorig:RightHandThumb4
  m_TagString: Untagged
  m_Icon: {fileID: 0}
  m_NavMeshLayer: 0
  m_StaticEditorFlags: 0
  m_IsActive: 1
--- !u!1 &1587656652179994
GameObject:
  m_ObjectHideFlags: 0
  m_PrefabParentObject: {fileID: 0}
  m_PrefabInternal: {fileID: 100100000}
  serializedVersion: 5
  m_Component:
  - component: {fileID: 4574282075514422}
  - component: {fileID: 137854303324766546}
  m_Layer: 2
  m_Name: Alpha_Surface
  m_TagString: OCTouchPlayer
  m_Icon: {fileID: 0}
  m_NavMeshLayer: 0
  m_StaticEditorFlags: 0
  m_IsActive: 1
--- !u!1 &1593960406952722
GameObject:
  m_ObjectHideFlags: 1
  m_PrefabParentObject: {fileID: 0}
  m_PrefabInternal: {fileID: 100100000}
  serializedVersion: 5
  m_Component:
  - component: {fileID: 4732098842787850}
  m_Layer: 2
  m_Name: mixamorig:LeftHandRing4
  m_TagString: Untagged
  m_Icon: {fileID: 0}
  m_NavMeshLayer: 0
  m_StaticEditorFlags: 0
  m_IsActive: 1
--- !u!1 &1620097325361670
GameObject:
  m_ObjectHideFlags: 1
  m_PrefabParentObject: {fileID: 0}
  m_PrefabInternal: {fileID: 100100000}
  serializedVersion: 5
  m_Component:
  - component: {fileID: 4225084213281220}
  m_Layer: 2
  m_Name: mixamorig:LeftUpLeg
  m_TagString: OCTouchPlayer
  m_Icon: {fileID: 0}
  m_NavMeshLayer: 0
  m_StaticEditorFlags: 0
  m_IsActive: 1
--- !u!1 &1621476356415584
GameObject:
  m_ObjectHideFlags: 1
  m_PrefabParentObject: {fileID: 0}
  m_PrefabInternal: {fileID: 100100000}
  serializedVersion: 5
  m_Component:
  - component: {fileID: 4923041722865680}
  m_Layer: 2
  m_Name: mixamorig:LeftHandPinky1
  m_TagString: Untagged
  m_Icon: {fileID: 0}
  m_NavMeshLayer: 0
  m_StaticEditorFlags: 0
  m_IsActive: 1
--- !u!1 &1625112161383190
GameObject:
  m_ObjectHideFlags: 1
  m_PrefabParentObject: {fileID: 0}
  m_PrefabInternal: {fileID: 100100000}
  serializedVersion: 5
  m_Component:
  - component: {fileID: 4036307134908070}
  m_Layer: 2
  m_Name: GrabbingHand
  m_TagString: Untagged
  m_Icon: {fileID: 0}
  m_NavMeshLayer: 0
  m_StaticEditorFlags: 0
  m_IsActive: 1
--- !u!1 &1628543492511750
GameObject:
  m_ObjectHideFlags: 0
  m_PrefabParentObject: {fileID: 0}
  m_PrefabInternal: {fileID: 100100000}
  serializedVersion: 5
  m_Component:
  - component: {fileID: 4069975233436866}
  - component: {fileID: 95115202869549070}
  m_Layer: 2
  m_Name: mixamorig:Hips
  m_TagString: OCTouchPlayer
  m_Icon: {fileID: 0}
  m_NavMeshLayer: 0
  m_StaticEditorFlags: 0
  m_IsActive: 1
--- !u!1 &1634331411128438
GameObject:
  m_ObjectHideFlags: 1
  m_PrefabParentObject: {fileID: 0}
  m_PrefabInternal: {fileID: 100100000}
  serializedVersion: 5
  m_Component:
  - component: {fileID: 4782804306233334}
  m_Layer: 2
  m_Name: mixamorig:LeftHandIndex4
  m_TagString: Untagged
  m_Icon: {fileID: 0}
  m_NavMeshLayer: 0
  m_StaticEditorFlags: 0
  m_IsActive: 1
--- !u!1 &1638914643219740
GameObject:
  m_ObjectHideFlags: 1
  m_PrefabParentObject: {fileID: 0}
  m_PrefabInternal: {fileID: 100100000}
  serializedVersion: 5
  m_Component:
  - component: {fileID: 4498090747378644}
  m_Layer: 2
  m_Name: mixamorig:LeftHandThumb2
  m_TagString: Untagged
  m_Icon: {fileID: 0}
  m_NavMeshLayer: 0
  m_StaticEditorFlags: 0
  m_IsActive: 1
--- !u!1 &1647220175458138
GameObject:
  m_ObjectHideFlags: 1
  m_PrefabParentObject: {fileID: 0}
  m_PrefabInternal: {fileID: 100100000}
  serializedVersion: 5
  m_Component:
  - component: {fileID: 4990578599194612}
  m_Layer: 2
  m_Name: mixamorig:RightToe_End
  m_TagString: Untagged
  m_Icon: {fileID: 0}
  m_NavMeshLayer: 0
  m_StaticEditorFlags: 0
  m_IsActive: 1
--- !u!1 &1674414194945848
GameObject:
  m_ObjectHideFlags: 1
  m_PrefabParentObject: {fileID: 0}
  m_PrefabInternal: {fileID: 100100000}
  serializedVersion: 5
  m_Component:
  - component: {fileID: 4782540387877568}
  m_Layer: 2
  m_Name: mixamorig:RightHandThumb3
  m_TagString: Untagged
  m_Icon: {fileID: 0}
  m_NavMeshLayer: 0
  m_StaticEditorFlags: 0
  m_IsActive: 1
--- !u!1 &1675820298319584
GameObject:
  m_ObjectHideFlags: 1
  m_PrefabParentObject: {fileID: 0}
  m_PrefabInternal: {fileID: 100100000}
  serializedVersion: 5
  m_Component:
  - component: {fileID: 4521438754898222}
  m_Layer: 2
  m_Name: mixamorig:LeftHandMiddle3
  m_TagString: Untagged
  m_Icon: {fileID: 0}
  m_NavMeshLayer: 0
  m_StaticEditorFlags: 0
  m_IsActive: 1
--- !u!1 &1698819713840720
GameObject:
  m_ObjectHideFlags: 0
  m_PrefabParentObject: {fileID: 0}
  m_PrefabInternal: {fileID: 100100000}
  serializedVersion: 5
  m_Component:
  - component: {fileID: 4459005353062146}
  - component: {fileID: 95421988029789780}
  - component: {fileID: 114349522716543874}
  - component: {fileID: 114181756271134752}
  - component: {fileID: 114999856140311968}
  - component: {fileID: 114579944974182322}
  - component: {fileID: 114713608010638006}
  - component: {fileID: 114759368133792666}
  - component: {fileID: 114343290558550082}
  - component: {fileID: 114049946648886934}
  - component: {fileID: 54566839452783842}
  - component: {fileID: 135754805638919864}
  m_Layer: 2
  m_Name: OTouchPlayer
  m_TagString: OCTouchPlayer
  m_Icon: {fileID: 0}
  m_NavMeshLayer: 0
  m_StaticEditorFlags: 0
  m_IsActive: 1
--- !u!1 &1730039539510964
GameObject:
  m_ObjectHideFlags: 1
  m_PrefabParentObject: {fileID: 0}
  m_PrefabInternal: {fileID: 100100000}
  serializedVersion: 5
  m_Component:
  - component: {fileID: 4451718148167446}
  m_Layer: 2
  m_Name: mixamorig:RightHandMiddle1
  m_TagString: OCTouchPlayer
  m_Icon: {fileID: 0}
  m_NavMeshLayer: 0
  m_StaticEditorFlags: 0
  m_IsActive: 1
--- !u!1 &1751426757312132
GameObject:
  m_ObjectHideFlags: 0
  m_PrefabParentObject: {fileID: 0}
  m_PrefabInternal: {fileID: 100100000}
  serializedVersion: 5
  m_Component:
  - component: {fileID: 4742012836872140}
  - component: {fileID: 137932631983691636}
  m_Layer: 2
  m_Name: Alpha_Joints
  m_TagString: OCTouchPlayer
  m_Icon: {fileID: 0}
  m_NavMeshLayer: 0
  m_StaticEditorFlags: 0
  m_IsActive: 1
--- !u!1 &1775538950980720
GameObject:
  m_ObjectHideFlags: 1
  m_PrefabParentObject: {fileID: 0}
  m_PrefabInternal: {fileID: 100100000}
  serializedVersion: 5
  m_Component:
  - component: {fileID: 4044205758534230}
  m_Layer: 2
  m_Name: mixamorig:LeftHandPinky4
  m_TagString: Untagged
  m_Icon: {fileID: 0}
  m_NavMeshLayer: 0
  m_StaticEditorFlags: 0
  m_IsActive: 1
--- !u!1 &1806972290977134
GameObject:
  m_ObjectHideFlags: 1
  m_PrefabParentObject: {fileID: 0}
  m_PrefabInternal: {fileID: 100100000}
  serializedVersion: 5
  m_Component:
  - component: {fileID: 4059058977733738}
  m_Layer: 2
  m_Name: mixamorig:RightHandIndex2
  m_TagString: Untagged
  m_Icon: {fileID: 0}
  m_NavMeshLayer: 0
  m_StaticEditorFlags: 0
  m_IsActive: 1
--- !u!1 &1816870027442980
GameObject:
  m_ObjectHideFlags: 1
  m_PrefabParentObject: {fileID: 0}
  m_PrefabInternal: {fileID: 100100000}
  serializedVersion: 5
  m_Component:
  - component: {fileID: 4442067227234602}
  m_Layer: 2
  m_Name: mixamorig:LeftForeArm
  m_TagString: Untagged
  m_Icon: {fileID: 0}
  m_NavMeshLayer: 0
  m_StaticEditorFlags: 0
  m_IsActive: 1
--- !u!1 &1839024780787792
GameObject:
  m_ObjectHideFlags: 1
  m_PrefabParentObject: {fileID: 0}
  m_PrefabInternal: {fileID: 100100000}
  serializedVersion: 5
  m_Component:
  - component: {fileID: 4518708985598562}
  m_Layer: 2
  m_Name: mixamorig:RightHandRing3
  m_TagString: Untagged
  m_Icon: {fileID: 0}
  m_NavMeshLayer: 0
  m_StaticEditorFlags: 0
  m_IsActive: 1
--- !u!1 &1845720957892284
GameObject:
  m_ObjectHideFlags: 1
  m_PrefabParentObject: {fileID: 0}
  m_PrefabInternal: {fileID: 100100000}
  serializedVersion: 5
  m_Component:
  - component: {fileID: 4868379129230028}
  m_Layer: 2
  m_Name: mixamorig:Head
  m_TagString: Untagged
  m_Icon: {fileID: 0}
  m_NavMeshLayer: 0
  m_StaticEditorFlags: 0
  m_IsActive: 1
--- !u!1 &1858856955813900
GameObject:
  m_ObjectHideFlags: 1
  m_PrefabParentObject: {fileID: 0}
  m_PrefabInternal: {fileID: 100100000}
  serializedVersion: 5
  m_Component:
  - component: {fileID: 4066112160910456}
  m_Layer: 2
  m_Name: mixamorig:RightLeg
  m_TagString: Untagged
  m_Icon: {fileID: 0}
  m_NavMeshLayer: 0
  m_StaticEditorFlags: 0
  m_IsActive: 1
--- !u!1 &1860694381697722
GameObject:
  m_ObjectHideFlags: 1
  m_PrefabParentObject: {fileID: 0}
  m_PrefabInternal: {fileID: 100100000}
  serializedVersion: 5
  m_Component:
  - component: {fileID: 4925261756553520}
  m_Layer: 2
  m_Name: mixamorig:RightHandPinky3
  m_TagString: Untagged
  m_Icon: {fileID: 0}
  m_NavMeshLayer: 0
  m_StaticEditorFlags: 0
  m_IsActive: 1
--- !u!1 &1863271137435660
GameObject:
  m_ObjectHideFlags: 1
  m_PrefabParentObject: {fileID: 0}
  m_PrefabInternal: {fileID: 100100000}
  serializedVersion: 5
  m_Component:
  - component: {fileID: 4655382577054606}
  m_Layer: 2
  m_Name: mixamorig:LeftHandThumb3
  m_TagString: Untagged
  m_Icon: {fileID: 0}
  m_NavMeshLayer: 0
  m_StaticEditorFlags: 0
  m_IsActive: 1
--- !u!1 &1867388614417114
GameObject:
  m_ObjectHideFlags: 1
  m_PrefabParentObject: {fileID: 0}
  m_PrefabInternal: {fileID: 100100000}
  serializedVersion: 5
  m_Component:
  - component: {fileID: 4379420415347688}
  m_Layer: 2
  m_Name: mixamorig:RightUpLeg
  m_TagString: OCTouchPlayer
  m_Icon: {fileID: 0}
  m_NavMeshLayer: 0
  m_StaticEditorFlags: 0
  m_IsActive: 1
--- !u!1 &1879633793451986
GameObject:
  m_ObjectHideFlags: 1
  m_PrefabParentObject: {fileID: 0}
  m_PrefabInternal: {fileID: 100100000}
  serializedVersion: 5
  m_Component:
  - component: {fileID: 4267604386653122}
  m_Layer: 2
  m_Name: mixamorig:LeftHandMiddle4
  m_TagString: Untagged
  m_Icon: {fileID: 0}
  m_NavMeshLayer: 0
  m_StaticEditorFlags: 0
  m_IsActive: 1
--- !u!1 &1900106299123586
GameObject:
  m_ObjectHideFlags: 1
  m_PrefabParentObject: {fileID: 0}
  m_PrefabInternal: {fileID: 100100000}
  serializedVersion: 5
  m_Component:
  - component: {fileID: 4298469478313664}
  m_Layer: 2
  m_Name: mixamorig:RightHandPinky2
  m_TagString: Untagged
  m_Icon: {fileID: 0}
  m_NavMeshLayer: 0
  m_StaticEditorFlags: 0
  m_IsActive: 1
--- !u!1 &1909059829869862
GameObject:
  m_ObjectHideFlags: 1
  m_PrefabParentObject: {fileID: 0}
  m_PrefabInternal: {fileID: 100100000}
  serializedVersion: 5
  m_Component:
  - component: {fileID: 4542047974293156}
  m_Layer: 2
  m_Name: mixamorig:RightHandIndex4
  m_TagString: Untagged
  m_Icon: {fileID: 0}
  m_NavMeshLayer: 0
  m_StaticEditorFlags: 0
  m_IsActive: 1
--- !u!1 &1912443514488278
GameObject:
  m_ObjectHideFlags: 1
  m_PrefabParentObject: {fileID: 0}
  m_PrefabInternal: {fileID: 100100000}
  serializedVersion: 5
  m_Component:
  - component: {fileID: 4350858960786012}
  m_Layer: 2
  m_Name: mixamorig:LeftHandIndex2
  m_TagString: Untagged
  m_Icon: {fileID: 0}
  m_NavMeshLayer: 0
  m_StaticEditorFlags: 0
  m_IsActive: 1
--- !u!1 &1914153111932474
GameObject:
  m_ObjectHideFlags: 1
  m_PrefabParentObject: {fileID: 0}
  m_PrefabInternal: {fileID: 100100000}
  serializedVersion: 5
  m_Component:
  - component: {fileID: 4220549175076016}
  m_Layer: 2
  m_Name: mixamorig:LeftHandRing2
  m_TagString: Untagged
  m_Icon: {fileID: 0}
  m_NavMeshLayer: 0
  m_StaticEditorFlags: 0
  m_IsActive: 1
--- !u!1 &1950258968016698
GameObject:
  m_ObjectHideFlags: 1
  m_PrefabParentObject: {fileID: 0}
  m_PrefabInternal: {fileID: 100100000}
  serializedVersion: 5
  m_Component:
  - component: {fileID: 4890560353632450}
  m_Layer: 2
  m_Name: mixamorig:LeftHandRing3
  m_TagString: Untagged
  m_Icon: {fileID: 0}
  m_NavMeshLayer: 0
  m_StaticEditorFlags: 0
  m_IsActive: 1
--- !u!1 &1982214844729452
GameObject:
  m_ObjectHideFlags: 1
  m_PrefabParentObject: {fileID: 0}
  m_PrefabInternal: {fileID: 100100000}
  serializedVersion: 5
  m_Component:
  - component: {fileID: 4267400261198804}
  m_Layer: 2
  m_Name: mixamorig:RightHandThumb1
  m_TagString: OCTouchPlayer
  m_Icon: {fileID: 0}
  m_NavMeshLayer: 0
  m_StaticEditorFlags: 0
  m_IsActive: 1
--- !u!1 &1991698475175964
GameObject:
  m_ObjectHideFlags: 1
  m_PrefabParentObject: {fileID: 0}
  m_PrefabInternal: {fileID: 100100000}
  serializedVersion: 5
  m_Component:
  - component: {fileID: 4941956718682776}
  m_Layer: 2
  m_Name: mixamorig:LeftHandMiddle1
  m_TagString: Untagged
  m_Icon: {fileID: 0}
  m_NavMeshLayer: 0
  m_StaticEditorFlags: 0
  m_IsActive: 1
--- !u!1 &1995414240806428
GameObject:
  m_ObjectHideFlags: 1
  m_PrefabParentObject: {fileID: 0}
  m_PrefabInternal: {fileID: 100100000}
  serializedVersion: 5
  m_Component:
  - component: {fileID: 4739388077390846}
  m_Layer: 2
  m_Name: mixamorig:LeftArm
  m_TagString: Untagged
  m_Icon: {fileID: 0}
  m_NavMeshLayer: 0
  m_StaticEditorFlags: 0
  m_IsActive: 1
--- !u!4 &4008167958849172
Transform:
  m_ObjectHideFlags: 1
  m_PrefabParentObject: {fileID: 0}
  m_PrefabInternal: {fileID: 100100000}
  m_GameObject: {fileID: 1014458241552218}
  m_LocalRotation: {x: -0.015425751, y: 0.019222917, z: -0.33001247, w: 0.9436548}
  m_LocalPosition: {x: 0.12147007, y: 0.00009894294, z: -0.02216631}
  m_LocalScale: {x: 1, y: 1, z: 1}
  m_Children:
  - {fileID: 4635643820169458}
  m_Father: {fileID: 4794062316567364}
  m_RootOrder: 5
  m_LocalEulerAnglesHint: {x: 0.0041836705, y: -0.23289213, z: 1.9122627}
--- !u!4 &4015844998388626
Transform:
  m_ObjectHideFlags: 1
  m_PrefabParentObject: {fileID: 0}
  m_PrefabInternal: {fileID: 100100000}
  m_GameObject: {fileID: 1576516162536832}
  m_LocalRotation: {x: 0, y: -0, z: -0, w: 1}
  m_LocalPosition: {x: 0.000000002053664, y: 0.000000009634096, z: 0.09992521}
  m_LocalScale: {x: 1, y: 1, z: 1}
  m_Children: []
  m_Father: {fileID: 4629080843329242}
  m_RootOrder: 0
  m_LocalEulerAnglesHint: {x: 0, y: 0, z: 0}
--- !u!4 &4036307134908070
Transform:
  m_ObjectHideFlags: 1
  m_PrefabParentObject: {fileID: 0}
  m_PrefabInternal: {fileID: 100100000}
  m_GameObject: {fileID: 1625112161383190}
  m_LocalRotation: {x: 0.5, y: 0.5, z: 0.5, w: 0.5}
  m_LocalPosition: {x: -0.067, y: -0.12, z: -0}
  m_LocalScale: {x: 1, y: 1, z: 1}
  m_Children: []
  m_Father: {fileID: 4352143754282928}
  m_RootOrder: 0
  m_LocalEulerAnglesHint: {x: 0, y: 90, z: 90}
--- !u!4 &4044205758534230
Transform:
  m_ObjectHideFlags: 1
  m_PrefabParentObject: {fileID: 0}
  m_PrefabInternal: {fileID: 100100000}
  m_GameObject: {fileID: 1775538950980720}
  m_LocalRotation: {x: 0, y: -0, z: -0, w: 1}
  m_LocalPosition: {x: -0.029238692, y: 0.000000014407377, z: 0.00000018732128}
  m_LocalScale: {x: 1, y: 1, z: 1}
  m_Children: []
  m_Father: {fileID: 4158100203989778}
  m_RootOrder: 0
  m_LocalEulerAnglesHint: {x: 0, y: 0, z: 0}
--- !u!4 &4059058977733738
Transform:
  m_ObjectHideFlags: 1
  m_PrefabParentObject: {fileID: 0}
  m_PrefabInternal: {fileID: 100100000}
  m_GameObject: {fileID: 1806972290977134}
  m_LocalRotation: {x: 0.0000000046785864, y: 0.02044874, z: -0.25118142, w: 0.967724}
  m_LocalPosition: {x: 0.038919702, y: -6.7964484e-10, z: 0.000000375348}
  m_LocalScale: {x: 1, y: 1, z: 1}
  m_Children:
  - {fileID: 4543474376101824}
  m_Father: {fileID: 4080037393463032}
  m_RootOrder: 0
  m_LocalEulerAnglesHint: {x: 0.091392964, y: 1.0957643, z: -9.039508}
--- !u!4 &4066112160910456
Transform:
  m_ObjectHideFlags: 1
  m_PrefabParentObject: {fileID: 0}
  m_PrefabInternal: {fileID: 100100000}
  m_GameObject: {fileID: 1858856955813900}
  m_LocalRotation: {x: 0.04810899, y: -0.013637129, z: 0.024360815, w: 0.9984519}
  m_LocalPosition: {x: 0.002446805, y: -0.40595436, z: -0.0051452797}
  m_LocalScale: {x: 1, y: 1, z: 1}
  m_Children:
  - {fileID: 4675222420236840}
  m_Father: {fileID: 4379420415347688}
  m_RootOrder: 0
  m_LocalEulerAnglesHint: {x: 46.078384, y: 14.278908, z: 11.162312}
--- !u!4 &4069975233436866
Transform:
  m_ObjectHideFlags: 1
  m_PrefabParentObject: {fileID: 0}
  m_PrefabInternal: {fileID: 100100000}
  m_GameObject: {fileID: 1628543492511750}
  m_LocalRotation: {x: 0.03332351, y: 0.03218776, z: 0.0023947516, w: 0.99892336}
  m_LocalPosition: {x: -0.000039534287, y: 0.9855137, z: 0.0026002298}
  m_LocalScale: {x: 1, y: 1, z: 1}
  m_Children:
  - {fileID: 4225084213281220}
  - {fileID: 4379420415347688}
  - {fileID: 4165598019191604}
  m_Father: {fileID: 4459005353062146}
  m_RootOrder: 5
  m_LocalEulerAnglesHint: {x: -2.500689, y: 0.8152739, z: -2.7481687}
--- !u!4 &4080037393463032
Transform:
  m_ObjectHideFlags: 1
  m_PrefabParentObject: {fileID: 0}
  m_PrefabInternal: {fileID: 100100000}
  m_GameObject: {fileID: 1257499738014602}
  m_LocalRotation: {x: -0.0025497738, y: 0.028425397, z: -0.16408107, w: 0.986034}
  m_LocalPosition: {x: 0.12266616, y: -0.0023167124, z: 0.028220555}
  m_LocalScale: {x: 1, y: 1, z: 1}
  m_Children:
  - {fileID: 4059058977733738}
  m_Father: {fileID: 4794062316567364}
  m_RootOrder: 1
  m_LocalEulerAnglesHint: {x: 0.0041836705, y: -0.23289213, z: 1.9122627}
--- !u!4 &4110725955743392
Transform:
  m_ObjectHideFlags: 1
  m_PrefabParentObject: {fileID: 0}
  m_PrefabInternal: {fileID: 100100000}
  m_GameObject: {fileID: 1438074551965814}
  m_LocalRotation: {x: -0.1178255, y: 0.71733385, z: -0.11421445, w: 0.67712957}
  m_LocalPosition: {x: 0.1918, y: -0.026, z: 0.0242}
  m_LocalScale: {x: 1, y: 1, z: 1}
  m_Children: []
  m_Father: {fileID: 4794062316567364}
  m_RootOrder: 0
  m_LocalEulerAnglesHint: {x: 0.246, y: 93.262, z: -18.888}
--- !u!4 &4152574956135090
Transform:
  m_ObjectHideFlags: 1
  m_PrefabParentObject: {fileID: 0}
  m_PrefabInternal: {fileID: 100100000}
  m_GameObject: {fileID: 1316473192375992}
  m_LocalRotation: {x: -0.01673583, y: -0.046379816, z: -0.5452944, w: 0.8367932}
  m_LocalPosition: {x: 0.1265504, y: -0.0026601623, z: -0.026008956}
  m_LocalScale: {x: 1, y: 1, z: 1}
  m_Children:
  - {fileID: 4197428215191384}
  m_Father: {fileID: 4269536880717276}
  m_RootOrder: 0
  m_LocalEulerAnglesHint: {x: 9.756879, y: 10.45694, z: -64.04344}
--- !u!4 &4154360834171402
Transform:
  m_ObjectHideFlags: 1
  m_PrefabParentObject: {fileID: 0}
  m_PrefabInternal: {fileID: 100100000}
  m_GameObject: {fileID: 1211362010441174}
  m_LocalRotation: {x: 0, y: 0, z: 0, w: 1}
  m_LocalPosition: {x: 0, y: 1.434, z: 0}
  m_LocalScale: {x: 1, y: 1, z: 1}
  m_Children: []
  m_Father: {fileID: 4459005353062146}
  m_RootOrder: 0
  m_LocalEulerAnglesHint: {x: 0, y: 0, z: 0}
--- !u!4 &4158100203989778
Transform:
  m_ObjectHideFlags: 1
  m_PrefabParentObject: {fileID: 0}
  m_PrefabInternal: {fileID: 100100000}
  m_GameObject: {fileID: 1170412908024158}
  m_LocalRotation: {x: -5.717884e-10, y: -0.008966398, z: 0.0875406, w: 0.99612063}
  m_LocalPosition: {x: -0.02594838, y: 0.0000000010572737, z: -0.00000035762793}
  m_LocalScale: {x: 1, y: 1, z: 1}
  m_Children:
  - {fileID: 4044205758534230}
  m_Father: {fileID: 4989048400679024}
  m_RootOrder: 0
  m_LocalEulerAnglesHint: {x: 0.22912352, y: -1.7599405, z: 14.752486}
--- !u!4 &4165598019191604
Transform:
  m_ObjectHideFlags: 1
  m_PrefabParentObject: {fileID: 0}
  m_PrefabInternal: {fileID: 100100000}
  m_GameObject: {fileID: 1399346846677196}
  m_LocalRotation: {x: 0.0014835554, y: -0.0027430307, z: 0.00016219624, w: 0.9999951}
  m_LocalPosition: {x: -0.000000005647742, y: 0.09923458, z: -0.012273349}
  m_LocalScale: {x: 1, y: 1, z: 1}
  m_Children:
  - {fileID: 4345253468814036}
  m_Father: {fileID: 4069975233436866}
  m_RootOrder: 2
  m_LocalEulerAnglesHint: {x: 1.232203, y: 0.0626241, z: 2.244501}
--- !u!4 &4197428215191384
Transform:
  m_ObjectHideFlags: 1
  m_PrefabParentObject: {fileID: 0}
  m_PrefabInternal: {fileID: 100100000}
  m_GameObject: {fileID: 1279224530524730}
  m_LocalRotation: {x: 0.00000005038591, y: -0.065696694, z: 0.000000026143821, w: 0.9978397}
  m_LocalPosition: {x: 0.27404684, y: 0.00000036620202, z: 0.000000053486612}
  m_LocalScale: {x: 1, y: 1, z: 1}
  m_Children:
  - {fileID: 4794062316567364}
  m_Father: {fileID: 4152574956135090}
  m_RootOrder: 0
  m_LocalEulerAnglesHint: {x: 0.0000011003947, y: -20.527414, z: 0.00000030003702}
--- !u!4 &4220549175076016
Transform:
  m_ObjectHideFlags: 1
  m_PrefabParentObject: {fileID: 0}
  m_PrefabInternal: {fileID: 100100000}
  m_GameObject: {fileID: 1914153111932474}
  m_LocalRotation: {x: -0.00000005364317, y: -0.031293392, z: 0.30552784, w: 0.9516688}
  m_LocalPosition: {x: -0.036011916, y: -2.701855e-18, z: 0.00000035101576}
  m_LocalScale: {x: 1, y: 1, z: 1}
  m_Children:
  - {fileID: 4890560353632450}
  m_Father: {fileID: 4601728692834976}
  m_RootOrder: 0
  m_LocalEulerAnglesHint: {x: 0.5013565, y: -2.584589, z: 21.95222}
--- !u!4 &4225084213281220
Transform:
  m_ObjectHideFlags: 1
  m_PrefabParentObject: {fileID: 0}
  m_PrefabInternal: {fileID: 100100000}
  m_GameObject: {fileID: 1620097325361670}
  m_LocalRotation: {x: -0.07517658, y: -0.11429429, z: -0.07511552, w: 0.9877464}
  m_LocalPosition: {x: -0.091244526, y: -0.066563964, z: -0.0005537792}
  m_LocalScale: {x: 1, y: 1, z: 1}
  m_Children:
  - {fileID: 4980728968994048}
  m_Father: {fileID: 4069975233436866}
  m_RootOrder: 0
  m_LocalEulerAnglesHint: {x: 0.11078669, y: -14.797685, z: 3.982415}
--- !u!4 &4249491969468534
Transform:
  m_ObjectHideFlags: 1
  m_PrefabParentObject: {fileID: 0}
  m_PrefabInternal: {fileID: 100100000}
  m_GameObject: {fileID: 1576393185250806}
  m_LocalRotation: {x: -0.109709546, y: 0.010113503, z: -0.024248071, w: 0.9936164}
  m_LocalPosition: {x: -0.00000025202203, y: 0.15032485, z: 0.007929048}
  m_LocalScale: {x: 1, y: 1, z: 1}
  m_Children:
  - {fileID: 4868379129230028}
  m_Father: {fileID: 4693251859242656}
  m_RootOrder: 1
  m_LocalEulerAnglesHint: {x: -2.8860006, y: -0.41166246, z: -1.0503587}
--- !u!4 &4267400261198804
Transform:
  m_ObjectHideFlags: 1
  m_PrefabParentObject: {fileID: 0}
  m_PrefabInternal: {fileID: 100100000}
  m_GameObject: {fileID: 1982214844729452}
  m_LocalRotation: {x: -0.1121003, y: 0.105304606, z: 0.034488026, w: 0.9874994}
  m_LocalPosition: {x: 0.037888084, y: -0.021669969, z: 0.030030873}
  m_LocalScale: {x: 1, y: 1, z: 1}
  m_Children:
  - {fileID: 4773665257471686}
  m_Father: {fileID: 4794062316567364}
  m_RootOrder: 3
  m_LocalEulerAnglesHint: {x: -1.8467243, y: 3.5829043, z: 6.471497}
--- !u!4 &4267604386653122
Transform:
  m_ObjectHideFlags: 1
  m_PrefabParentObject: {fileID: 0}
  m_PrefabInternal: {fileID: 100100000}
  m_GameObject: {fileID: 1879633793451986}
  m_LocalRotation: {x: 0, y: -0, z: -0, w: 1}
  m_LocalPosition: {x: -0.036801923, y: -8.559337e-10, z: 0.00000032769248}
  m_LocalScale: {x: 1, y: 1, z: 1}
  m_Children: []
  m_Father: {fileID: 4521438754898222}
  m_RootOrder: 0
  m_LocalEulerAnglesHint: {x: 0, y: 0, z: 0}
--- !u!4 &4269536880717276
Transform:
  m_ObjectHideFlags: 1
  m_PrefabParentObject: {fileID: 0}
  m_PrefabInternal: {fileID: 100100000}
  m_GameObject: {fileID: 1063343074749708}
  m_LocalRotation: {x: 0.030217597, y: -0.12699093, z: -0.09577972, w: 0.9868062}
  m_LocalPosition: {x: 0.061056964, y: 0.091105126, z: 0.007055634}
  m_LocalScale: {x: 1, y: 1, z: 1}
  m_Children:
  - {fileID: 4152574956135090}
  m_Father: {fileID: 4693251859242656}
  m_RootOrder: 2
  m_LocalEulerAnglesHint: {x: 0.5303391, y: 4.9706945, z: -11.386603}
--- !u!4 &4298469478313664
Transform:
  m_ObjectHideFlags: 1
  m_PrefabParentObject: {fileID: 0}
  m_PrefabInternal: {fileID: 100100000}
  m_GameObject: {fileID: 1900106299123586}
  m_LocalRotation: {x: 0.0000000029542506, y: 0.020843212, z: -0.25602582, w: 0.9664452}
  m_LocalPosition: {x: 0.04136653, y: -0.000000002167069, z: 0.00000025283805}
  m_LocalScale: {x: 1, y: 1, z: 1}
  m_Children:
  - {fileID: 4925261756553520}
  m_Father: {fileID: 4576284601826096}
  m_RootOrder: 0
  m_LocalEulerAnglesHint: {x: 0.091392964, y: 1.0957643, z: -9.039508}
--- !u!4 &4345253468814036
Transform:
  m_ObjectHideFlags: 1
  m_PrefabParentObject: {fileID: 0}
  m_PrefabInternal: {fileID: 100100000}
  m_GameObject: {fileID: 1017212426608390}
  m_LocalRotation: {x: 0.0044561126, y: -0.004854384, z: 0.0012891991, w: 0.99997747}
  m_LocalPosition: {x: 0.0000013886516, y: 0.11645436, z: -0.014223413}
  m_LocalScale: {x: 1, y: 1, z: 1}
  m_Children:
  - {fileID: 4693251859242656}
  m_Father: {fileID: 4165598019191604}
  m_RootOrder: 0
  m_LocalEulerAnglesHint: {x: 2.2910964, y: 0.74827516, z: 0.24422437}
--- !u!4 &4350858960786012
Transform:
  m_ObjectHideFlags: 1
  m_PrefabParentObject: {fileID: 0}
  m_PrefabInternal: {fileID: 100100000}
  m_GameObject: {fileID: 1912443514488278}
  m_LocalRotation: {x: -0.00000001555562, y: -0.028066551, z: 0.27402315, w: 0.9613135}
  m_LocalPosition: {x: -0.03891966, y: -2.2654231e-10, z: 0.00000038788323}
  m_LocalScale: {x: 1, y: 1, z: 1}
  m_Children:
  - {fileID: 4356650994299772}
  m_Father: {fileID: 4509882032004698}
  m_RootOrder: 0
  m_LocalEulerAnglesHint: {x: 0.5013565, y: -2.584589, z: 21.95222}
--- !u!4 &4352143754282928
Transform:
  m_ObjectHideFlags: 1
  m_PrefabParentObject: {fileID: 0}
  m_PrefabInternal: {fileID: 100100000}
  m_GameObject: {fileID: 1508193346086866}
  m_LocalRotation: {x: 0.01600456, y: 0.015775355, z: 0.07394212, w: 0.99700934}
  m_LocalPosition: {x: -0.27614462, y: 0.00000023520383, z: 0.00000019744039}
  m_LocalScale: {x: 1, y: 1, z: 1}
  m_Children:
  - {fileID: 4036307134908070}
  - {fileID: 4509882032004698}
  - {fileID: 4941956718682776}
  - {fileID: 4923041722865680}
  - {fileID: 4601728692834976}
  - {fileID: 4966091104849008}
  m_Father: {fileID: 4442067227234602}
  m_RootOrder: 0
  m_LocalEulerAnglesHint: {x: 29.536926, y: 19.876236, z: 17.60812}
--- !u!4 &4356650994299772
Transform:
  m_ObjectHideFlags: 1
  m_PrefabParentObject: {fileID: 0}
  m_PrefabInternal: {fileID: 100100000}
  m_GameObject: {fileID: 1574532771609648}
  m_LocalRotation: {x: 0.000000029507833, y: -0.017406188, z: 0.1699417, w: 0.9853004}
  m_LocalPosition: {x: -0.034151636, y: -0.0000000015903092, z: -0.000000087544315}
  m_LocalScale: {x: 1, y: 1, z: 1}
  m_Children:
  - {fileID: 4782804306233334}
  m_Father: {fileID: 4350858960786012}
  m_RootOrder: 0
  m_LocalEulerAnglesHint: {x: 0.2291396, y: -1.7599554, z: 14.752485}
--- !u!4 &4364682603165778
Transform:
  m_ObjectHideFlags: 1
  m_PrefabParentObject: {fileID: 0}
  m_PrefabInternal: {fileID: 100100000}
  m_GameObject: {fileID: 1529826276912240}
  m_LocalRotation: {x: 0, y: -0, z: -0, w: 1}
  m_LocalPosition: {x: 0.036601152, y: 0.00000002046845, z: 0.000000006718011}
  m_LocalScale: {x: 1, y: 1, z: 1}
  m_Children: []
  m_Father: {fileID: 4518708985598562}
  m_RootOrder: 0
  m_LocalEulerAnglesHint: {x: 0, y: 0, z: 0}
--- !u!4 &4367672722771870
Transform:
  m_ObjectHideFlags: 1
  m_PrefabParentObject: {fileID: 0}
  m_PrefabInternal: {fileID: 100100000}
  m_GameObject: {fileID: 1337834939857906}
  m_LocalRotation: {x: 0, y: -0, z: -0, w: 1}
  m_LocalPosition: {x: 0.029444808, y: 0.07681745, z: 0.091204956}
  m_LocalScale: {x: 1, y: 1, z: 1}
  m_Children: []
  m_Father: {fileID: 4868379129230028}
  m_RootOrder: 0
  m_LocalEulerAnglesHint: {x: 0, y: 0, z: 0}
--- !u!4 &4379420415347688
Transform:
  m_ObjectHideFlags: 1
  m_PrefabParentObject: {fileID: 0}
  m_PrefabInternal: {fileID: 100100000}
  m_GameObject: {fileID: 1867388614417114}
  m_LocalRotation: {x: -0.07736947, y: 0.080730766, z: 0.064003296, w: 0.99166536}
  m_LocalPosition: {x: 0.09124453, y: -0.066563964, z: -0.0005537793}
  m_LocalScale: {x: 1, y: 1, z: 1}
  m_Children:
  - {fileID: 4066112160910456}
  m_Father: {fileID: 4069975233436866}
  m_RootOrder: 1
  m_LocalEulerAnglesHint: {x: -29.291824, y: 4.405295, z: 4.263688}
--- !u!4 &4413945316051178
Transform:
  m_ObjectHideFlags: 1
  m_PrefabParentObject: {fileID: 0}
  m_PrefabInternal: {fileID: 100100000}
  m_GameObject: {fileID: 1294019727761396}
  m_LocalRotation: {x: 0, y: -0, z: -0, w: 1}
  m_LocalPosition: {x: -0.02947915, y: 0.07681745, z: 0.09120731}
  m_LocalScale: {x: 1, y: 1, z: 1}
  m_Children: []
  m_Father: {fileID: 4868379129230028}
  m_RootOrder: 1
  m_LocalEulerAnglesHint: {x: 0, y: 0, z: 0}
--- !u!4 &4421706498119634
Transform:
  m_ObjectHideFlags: 1
  m_PrefabParentObject: {fileID: 0}
  m_PrefabInternal: {fileID: 100100000}
  m_GameObject: {fileID: 1496180083380826}
  m_LocalRotation: {x: -0.0000000079712255, y: 0.02560069, z: -0.31446522, w: 0.94892377}
  m_LocalPosition: {x: 0.036139723, y: -2.1036153e-10, z: 0.000000029381589}
  m_LocalScale: {x: 1, y: 1, z: 1}
  m_Children:
  - {fileID: 4855122596781224}
  m_Father: {fileID: 4451718148167446}
  m_RootOrder: 0
  m_LocalEulerAnglesHint: {x: 0.091392964, y: 1.0957643, z: -9.039508}
--- !u!4 &4430881006868898
Transform:
  m_ObjectHideFlags: 1
  m_PrefabParentObject: {fileID: 0}
  m_PrefabInternal: {fileID: 100100000}
  m_GameObject: {fileID: 1130215555166310}
  m_LocalRotation: {x: 0, y: -0, z: -0, w: 1}
  m_LocalPosition: {x: -0.026794039, y: -0.015469446, z: 0.0154692}
  m_LocalScale: {x: 1, y: 1, z: 1}
  m_Children: []
  m_Father: {fileID: 4655382577054606}
  m_RootOrder: 0
  m_LocalEulerAnglesHint: {x: 0, y: 0, z: 0}
--- !u!4 &4442067227234602
Transform:
  m_ObjectHideFlags: 1
  m_PrefabParentObject: {fileID: 0}
  m_PrefabInternal: {fileID: 100100000}
  m_GameObject: {fileID: 1816870027442980}
  m_LocalRotation: {x: -0.000000001211218, y: 0.11211913, z: 0.00000006013529, w: 0.9936948}
  m_LocalPosition: {x: -0.27404684, y: 0.00000035229408, z: 0.00000006532389}
  m_LocalScale: {x: 1, y: 1, z: 1}
  m_Children:
  - {fileID: 4352143754282928}
  m_Father: {fileID: 4739388077390846}
  m_RootOrder: 0
  m_LocalEulerAnglesHint: {x: -0.0000067047968, y: 20.500341, z: 0.000016115731}
--- !u!4 &4451718148167446
Transform:
  m_ObjectHideFlags: 1
  m_PrefabParentObject: {fileID: 0}
  m_PrefabInternal: {fileID: 100100000}
  m_GameObject: {fileID: 1730039539510964}
  m_LocalRotation: {x: -0.007982072, y: 0.009286728, z: -0.18451145, w: 0.9827541}
  m_LocalPosition: {x: 0.12775525, y: 0.00000011846558, z: 0.00000017955753}
  m_LocalScale: {x: 1, y: 1, z: 1}
  m_Children:
  - {fileID: 4421706498119634}
  m_Father: {fileID: 4794062316567364}
  m_RootOrder: 2
  m_LocalEulerAnglesHint: {x: 0.0041836705, y: -0.23289213, z: 1.9122627}
--- !u!4 &4459005353062146
Transform:
  m_ObjectHideFlags: 1
  m_PrefabParentObject: {fileID: 0}
  m_PrefabInternal: {fileID: 100100000}
  m_GameObject: {fileID: 1698819713840720}
  m_LocalRotation: {x: 0, y: 0, z: 0, w: 1}
  m_LocalPosition: {x: -79.23868, y: 54.38013, z: -256.05313}
  m_LocalScale: {x: 1, y: 1, z: 1}
  m_Children:
  - {fileID: 4154360834171402}
  - {fileID: 4742012836872140}
  - {fileID: 4574282075514422}
  - {fileID: 4852955191803942}
  - {fileID: 4633494898534064}
  - {fileID: 4069975233436866}
  - {fileID: 4639822346046848}
  m_Father: {fileID: 0}
  m_RootOrder: 0
  m_LocalEulerAnglesHint: {x: 0, y: 0, z: 0}
--- !u!4 &4498090747378644
Transform:
  m_ObjectHideFlags: 1
  m_PrefabParentObject: {fileID: 0}
  m_PrefabInternal: {fileID: 100100000}
  m_GameObject: {fileID: 1638914643219740}
  m_LocalRotation: {x: 0.15925178, y: -0.22757374, z: -0.02937977, w: 0.960201}
  m_LocalPosition: {x: -0.036754437, y: -0.02122014, z: 0.021220105}
  m_LocalScale: {x: 1, y: 1, z: 1}
  m_Children:
  - {fileID: 4655382577054606}
  m_Father: {fileID: 4966091104849008}
  m_RootOrder: 0
  m_LocalEulerAnglesHint: {x: 4.776268, y: -25.06951, z: -4.1691065}
--- !u!4 &4509882032004698
Transform:
  m_ObjectHideFlags: 1
  m_PrefabParentObject: {fileID: 0}
  m_PrefabInternal: {fileID: 100100000}
  m_GameObject: {fileID: 1517221766160084}
  m_LocalRotation: {x: -0.00410601, y: -0.039164282, z: 0.2047174, w: 0.9780287}
  m_LocalPosition: {x: -0.122666135, y: -0.0023167161, z: 0.028220579}
  m_LocalScale: {x: 1, y: 1, z: 1}
  m_Children:
  - {fileID: 4350858960786012}
  m_Father: {fileID: 4352143754282928}
  m_RootOrder: 1
  m_LocalEulerAnglesHint: {x: 0.7341693, y: -3.093075, z: 26.584618}
--- !u!4 &4511338287881180
Transform:
  m_ObjectHideFlags: 1
  m_PrefabParentObject: {fileID: 0}
  m_PrefabInternal: {fileID: 100100000}
  m_GameObject: {fileID: 1555712780265220}
  m_LocalRotation: {x: 0, y: -0, z: -0, w: 1}
  m_LocalPosition: {x: 0.029238692, y: 0.00000000641227, z: 0.00000018695744}
  m_LocalScale: {x: 1, y: 1, z: 1}
  m_Children: []
  m_Father: {fileID: 4925261756553520}
  m_RootOrder: 0
  m_LocalEulerAnglesHint: {x: 0, y: 0, z: 0}
--- !u!4 &4518708985598562
Transform:
  m_ObjectHideFlags: 1
  m_PrefabParentObject: {fileID: 0}
  m_PrefabInternal: {fileID: 100100000}
  m_GameObject: {fileID: 1839024780787792}
  m_LocalRotation: {x: 0.000000028701091, y: 0.014921531, z: -0.18328728, w: 0.98294616}
  m_LocalPosition: {x: 0.033073157, y: -7.700495e-10, z: -0.00000021015623}
  m_LocalScale: {x: 1, y: 1, z: 1}
  m_Children:
  - {fileID: 4364682603165778}
  m_Father: {fileID: 4635643820169458}
  m_RootOrder: 0
  m_LocalEulerAnglesHint: {x: 0.025884107, y: 0.5540371, z: -4.556782}
--- !u!4 &4521438754898222
Transform:
  m_ObjectHideFlags: 1
  m_PrefabParentObject: {fileID: 0}
  m_PrefabInternal: {fileID: 100100000}
  m_GameObject: {fileID: 1675820298319584}
  m_LocalRotation: {x: 0.00000001944393, y: -0.020619808, z: 0.20131755, w: 0.97930896}
  m_LocalPosition: {x: -0.03459763, y: -0.0000000020138529, z: -0.00000026449558}
  m_LocalScale: {x: 1, y: 1, z: 1}
  m_Children:
  - {fileID: 4267604386653122}
  m_Father: {fileID: 4782627252341460}
  m_RootOrder: 0
  m_LocalEulerAnglesHint: {x: 0.22913384, y: -1.759947, z: 14.752493}
--- !u!4 &4534611786698046
Transform:
  m_ObjectHideFlags: 1
  m_PrefabParentObject: {fileID: 0}
  m_PrefabInternal: {fileID: 100100000}
  m_GameObject: {fileID: 1531945093566584}
  m_LocalRotation: {x: 0.0019885998, y: 0.00004289566, z: -0.0029684263, w: 0.9999936}
  m_LocalPosition: {x: 0.003733599, y: -0.10492194, z: 0.12640662}
  m_LocalScale: {x: 1, y: 1, z: 1}
  m_Children:
  - {fileID: 4990578599194612}
  m_Father: {fileID: 4675222420236840}
  m_RootOrder: 0
  m_LocalEulerAnglesHint: {x: -0.58928037, y: 0.0000036432284, z: 0.0000022137574}
--- !u!4 &4542047974293156
Transform:
  m_ObjectHideFlags: 1
  m_PrefabParentObject: {fileID: 0}
  m_PrefabInternal: {fileID: 100100000}
  m_GameObject: {fileID: 1909059829869862}
  m_LocalRotation: {x: 0, y: -0, z: -0, w: 1}
  m_LocalPosition: {x: 0.030779855, y: -0.000000009372842, z: -0.00000008780579}
  m_LocalScale: {x: 1, y: 1, z: 1}
  m_Children: []
  m_Father: {fileID: 4543474376101824}
  m_RootOrder: 0
  m_LocalEulerAnglesHint: {x: 0, y: 0, z: 0}
--- !u!4 &4543474376101824
Transform:
  m_ObjectHideFlags: 1
  m_PrefabParentObject: {fileID: 0}
  m_PrefabInternal: {fileID: 100100000}
  m_GameObject: {fileID: 1541494432144878}
  m_LocalRotation: {x: -0.00000001925298, y: 0.011053605, z: -0.13577555, w: 0.99067795}
  m_LocalPosition: {x: 0.034151606, y: 3.9757497e-10, z: -0.00000008674914}
  m_LocalScale: {x: 1, y: 1, z: 1}
  m_Children:
  - {fileID: 4542047974293156}
  m_Father: {fileID: 4059058977733738}
  m_RootOrder: 0
  m_LocalEulerAnglesHint: {x: 0.025884107, y: 0.5540371, z: -4.556782}
--- !u!4 &4566274854677330
Transform:
  m_ObjectHideFlags: 1
  m_PrefabParentObject: {fileID: 0}
  m_PrefabInternal: {fileID: 100100000}
  m_GameObject: {fileID: 1265730617642232}
  m_LocalRotation: {x: 0, y: -0, z: -0, w: 1}
  m_LocalPosition: {x: 0.036801923, y: -0.000000006576055, z: 0.00000032509809}
  m_LocalScale: {x: 1, y: 1, z: 1}
  m_Children: []
  m_Father: {fileID: 4855122596781224}
  m_RootOrder: 0
  m_LocalEulerAnglesHint: {x: 0, y: 0, z: 0}
--- !u!4 &4571741271612296
Transform:
  m_ObjectHideFlags: 1
  m_PrefabParentObject: {fileID: 0}
  m_PrefabInternal: {fileID: 100100000}
  m_GameObject: {fileID: 1361652542781558}
  m_LocalRotation: {x: 0, y: -0, z: -0, w: 1}
  m_LocalPosition: {x: -0.0000015417259, y: 0.18474671, z: 0.06636399}
  m_LocalScale: {x: 1, y: 1, z: 1}
  m_Children: []
  m_Father: {fileID: 4868379129230028}
  m_RootOrder: 2
  m_LocalEulerAnglesHint: {x: 0, y: 0, z: 0}
--- !u!4 &4574282075514422
Transform:
  m_ObjectHideFlags: 1
  m_PrefabParentObject: {fileID: 0}
  m_PrefabInternal: {fileID: 100100000}
  m_GameObject: {fileID: 1587656652179994}
  m_LocalRotation: {x: 0, y: -0, z: -0, w: 1}
  m_LocalPosition: {x: -0, y: 0, z: 0}
  m_LocalScale: {x: 1, y: 1, z: 1}
  m_Children: []
  m_Father: {fileID: 4459005353062146}
  m_RootOrder: 2
  m_LocalEulerAnglesHint: {x: 0, y: 0, z: 0}
--- !u!4 &4576284601826096
Transform:
  m_ObjectHideFlags: 1
  m_PrefabParentObject: {fileID: 0}
  m_PrefabInternal: {fileID: 100100000}
  m_GameObject: {fileID: 1456528827674990}
  m_LocalRotation: {x: -0.02187682, y: 0.0025702384, z: -0.33726257, w: 0.94115293}
  m_LocalPosition: {x: 0.10908191, y: -0.0022636645, z: -0.0472582}
  m_LocalScale: {x: 1, y: 1, z: 1}
  m_Children:
  - {fileID: 4298469478313664}
  m_Father: {fileID: 4794062316567364}
  m_RootOrder: 4
  m_LocalEulerAnglesHint: {x: 0.0041836705, y: -0.23289213, z: 1.9122627}
--- !u!4 &4601728692834976
Transform:
  m_ObjectHideFlags: 1
  m_PrefabParentObject: {fileID: 0}
  m_PrefabInternal: {fileID: 100100000}
  m_GameObject: {fileID: 1377171252903968}
  m_LocalRotation: {x: 0.003394733, y: -0.078763306, z: 0.29737094, w: 0.95150167}
  m_LocalPosition: {x: -0.12147005, y: 0.00009894333, z: -0.022166291}
  m_LocalScale: {x: 1, y: 1, z: 1}
  m_Children:
  - {fileID: 4220549175076016}
  m_Father: {fileID: 4352143754282928}
  m_RootOrder: 4
  m_LocalEulerAnglesHint: {x: 0.7341693, y: -3.093075, z: 26.584618}
--- !u!4 &4629080843329242
Transform:
  m_ObjectHideFlags: 1
  m_PrefabParentObject: {fileID: 0}
  m_PrefabInternal: {fileID: 100100000}
  m_GameObject: {fileID: 1125659638150594}
  m_LocalRotation: {x: 0.0023845946, y: -0.000023636663, z: 0.0035662458, w: 0.9999908}
  m_LocalPosition: {x: -0.0037336003, y: -0.10492193, z: 0.12640664}
  m_LocalScale: {x: 1, y: 1, z: 1}
  m_Children:
  - {fileID: 4015844998388626}
  m_Father: {fileID: 4796124454570412}
  m_RootOrder: 0
  m_LocalEulerAnglesHint: {x: -0.73993206, y: -0.0000107356955, z: 0.00000018503624}
--- !u!4 &4633494898534064
Transform:
  m_ObjectHideFlags: 1
  m_PrefabParentObject: {fileID: 0}
  m_PrefabInternal: {fileID: 100100000}
  m_GameObject: {fileID: 1162710968048474}
  m_LocalRotation: {x: 0, y: -0, z: -0, w: 1}
  m_LocalPosition: {x: -0.28948718, y: 0.86273605, z: 0.054761756}
  m_LocalScale: {x: 1, y: 1, z: 1}
  m_Children: []
  m_Father: {fileID: 4459005353062146}
  m_RootOrder: 4
  m_LocalEulerAnglesHint: {x: 0, y: 0, z: 0}
--- !u!4 &4635643820169458
Transform:
  m_ObjectHideFlags: 1
  m_PrefabParentObject: {fileID: 0}
  m_PrefabInternal: {fileID: 100100000}
  m_GameObject: {fileID: 1431788047250918}
  m_LocalRotation: {x: 0.000000009262042, y: 0.015960146, z: -0.19604607, w: 0.9804648}
  m_LocalPosition: {x: 0.036011886, y: -0.000000001886534, z: 0.0000003518541}
  m_LocalScale: {x: 1, y: 1, z: 1}
  m_Children:
  - {fileID: 4518708985598562}
  m_Father: {fileID: 4008167958849172}
  m_RootOrder: 0
  m_LocalEulerAnglesHint: {x: 0.091392964, y: 1.0957643, z: -9.039508}
--- !u!4 &4639822346046848
Transform:
  m_ObjectHideFlags: 1
  m_PrefabParentObject: {fileID: 0}
  m_PrefabInternal: {fileID: 100100000}
  m_GameObject: {fileID: 1354032693533564}
  m_LocalRotation: {x: -0, y: -0.000000003696186, z: -0.0000000015770636, w: 1}
  m_LocalPosition: {x: -0.11238098, y: 0.123672485, z: 0.8706665}
  m_LocalScale: {x: 1, y: 1, z: 1}
  m_Children:
  - {fileID: 224035162268976404}
  m_Father: {fileID: 4459005353062146}
  m_RootOrder: 6
  m_LocalEulerAnglesHint: {x: 0, y: 0, z: 0}
--- !u!4 &4655382577054606
Transform:
  m_ObjectHideFlags: 1
  m_PrefabParentObject: {fileID: 0}
  m_PrefabInternal: {fileID: 100100000}
  m_GameObject: {fileID: 1863271137435660}
  m_LocalRotation: {x: 0.028223109, y: 0.009548897, z: -0.03432193, w: 0.99896663}
  m_LocalPosition: {x: -0.033943616, y: -0.019597417, z: 0.01959793}
  m_LocalScale: {x: 1, y: 1, z: 1}
  m_Children:
  - {fileID: 4430881006868898}
  m_Father: {fileID: 4498090747378644}
  m_RootOrder: 0
  m_LocalEulerAnglesHint: {x: 0.1622701, y: -9.898268, z: -3.3657782}
--- !u!4 &4675222420236840
Transform:
  m_ObjectHideFlags: 1
  m_PrefabParentObject: {fileID: 0}
  m_PrefabInternal: {fileID: 100100000}
  m_GameObject: {fileID: 1417813267204930}
  m_LocalRotation: {x: 0.0006512707, y: 0.0041728765, z: -0.08826727, w: 0.9960879}
  m_LocalPosition: {x: -0.0024466931, y: -0.4204787, z: -0.02060231}
  m_LocalScale: {x: 1, y: 1, z: 1}
  m_Children:
  - {fileID: 4534611786698046}
  m_Father: {fileID: 4066112160910456}
  m_RootOrder: 0
  m_LocalEulerAnglesHint: {x: 0.059093118, y: 7.4066086, z: -3.7498648}
--- !u!4 &4693251859242656
Transform:
  m_ObjectHideFlags: 1
  m_PrefabParentObject: {fileID: 0}
  m_PrefabInternal: {fileID: 100100000}
  m_GameObject: {fileID: 1390016753203814}
  m_LocalRotation: {x: 0.0044275243, y: -0.0048651993, z: 0.0013451129, w: 0.99997747}
  m_LocalPosition: {x: -0.00000091440853, y: 0.13360204, z: -0.016264597}
  m_LocalScale: {x: 1, y: 1, z: 1}
  m_Children:
  - {fileID: 4696193903218940}
  - {fileID: 4249491969468534}
  - {fileID: 4269536880717276}
  m_Father: {fileID: 4345253468814036}
  m_RootOrder: 0
  m_LocalEulerAnglesHint: {x: 2.2878692, y: 0.7573421, z: 0.24810594}
--- !u!4 &4696193903218940
Transform:
  m_ObjectHideFlags: 1
  m_PrefabParentObject: {fileID: 0}
  m_PrefabInternal: {fileID: 100100000}
  m_GameObject: {fileID: 1545826512575918}
  m_LocalRotation: {x: 0.02216007, y: 0.09768455, z: 0.08423835, w: 0.99139833}
  m_LocalPosition: {x: -0.061058246, y: 0.09110429, z: 0.0070555075}
  m_LocalScale: {x: 1, y: 1, z: 1}
  m_Children:
  - {fileID: 4739388077390846}
  m_Father: {fileID: 4693251859242656}
  m_RootOrder: 0
  m_LocalEulerAnglesHint: {x: 0.834719, y: -0.36793524, z: 11.0039425}
--- !u!4 &4732098842787850
Transform:
  m_ObjectHideFlags: 1
  m_PrefabParentObject: {fileID: 0}
  m_PrefabInternal: {fileID: 100100000}
  m_GameObject: {fileID: 1593960406952722}
  m_LocalRotation: {x: 0, y: -0, z: -0, w: 1}
  m_LocalPosition: {x: -0.036601152, y: 0.00000002906111, z: 4.5477133e-10}
  m_LocalScale: {x: 1, y: 1, z: 1}
  m_Children: []
  m_Father: {fileID: 4890560353632450}
  m_RootOrder: 0
  m_LocalEulerAnglesHint: {x: 0, y: 0, z: 0}
--- !u!4 &4739388077390846
Transform:
  m_ObjectHideFlags: 1
  m_PrefabParentObject: {fileID: 0}
  m_PrefabInternal: {fileID: 100100000}
  m_GameObject: {fileID: 1995414240806428}
  m_LocalRotation: {x: 0.1042739, y: 0.09527548, z: 0.53204924, w: 0.8348492}
  m_LocalPosition: {x: -0.12655036, y: -0.0026593227, z: -0.026009217}
  m_LocalScale: {x: 1, y: 1, z: 1}
  m_Children:
  - {fileID: 4442067227234602}
  m_Father: {fileID: 4696193903218940}
  m_RootOrder: 0
  m_LocalEulerAnglesHint: {x: -9.5058, y: 0.037291527, z: 64.063194}
--- !u!4 &4742012836872140
Transform:
  m_ObjectHideFlags: 1
  m_PrefabParentObject: {fileID: 0}
  m_PrefabInternal: {fileID: 100100000}
  m_GameObject: {fileID: 1751426757312132}
  m_LocalRotation: {x: 0, y: -0, z: -0, w: 1}
  m_LocalPosition: {x: -0, y: 0, z: 0}
  m_LocalScale: {x: 1, y: 1, z: 1}
  m_Children: []
  m_Father: {fileID: 4459005353062146}
  m_RootOrder: 1
  m_LocalEulerAnglesHint: {x: 0, y: 0, z: 0}
--- !u!4 &4773665257471686
Transform:
  m_ObjectHideFlags: 1
  m_PrefabParentObject: {fileID: 0}
  m_PrefabInternal: {fileID: 100100000}
  m_GameObject: {fileID: 1193128504074186}
  m_LocalRotation: {x: 0.12742159, y: 0.17011093, z: 0.079315886, w: 0.9739276}
  m_LocalPosition: {x: 0.036754407, y: -0.021220084, z: 0.021220125}
  m_LocalScale: {x: 1, y: 1, z: 1}
  m_Children:
  - {fileID: 4782540387877568}
  m_Father: {fileID: 4267400261198804}
  m_RootOrder: 0
  m_LocalEulerAnglesHint: {x: 20.519701, y: 8.732245, z: -1.1165425}
--- !u!4 &4782540387877568
Transform:
  m_ObjectHideFlags: 1
  m_PrefabParentObject: {fileID: 0}
  m_PrefabInternal: {fileID: 100100000}
  m_GameObject: {fileID: 1674414194945848}
  m_LocalRotation: {x: 0.034017645, y: 0.030129809, z: 0.19342732, w: 0.98006165}
  m_LocalPosition: {x: 0.033943594, y: -0.019597497, z: 0.019597916}
  m_LocalScale: {x: 1, y: 1, z: 1}
  m_Children:
  - {fileID: 4840538740245130}
  m_Father: {fileID: 4773665257471686}
  m_RootOrder: 0
  m_LocalEulerAnglesHint: {x: 6.714681, y: 0.083723485, z: 1.0059848}
--- !u!4 &4782627252341460
Transform:
  m_ObjectHideFlags: 1
  m_PrefabParentObject: {fileID: 0}
  m_PrefabInternal: {fileID: 100100000}
  m_GameObject: {fileID: 1458868319373914}
  m_LocalRotation: {x: 0.0000000029547746, y: -0.036516916, z: 0.3565253, w: 0.93357176}
  m_LocalPosition: {x: -0.036139697, y: -0.0000000012621633, z: 0.000000026077032}
  m_LocalScale: {x: 1, y: 1, z: 1}
  m_Children:
  - {fileID: 4521438754898222}
  m_Father: {fileID: 4941956718682776}
  m_RootOrder: 0
  m_LocalEulerAnglesHint: {x: 0.50207216, y: -2.586387, z: 21.968199}
--- !u!4 &4782804306233334
Transform:
  m_ObjectHideFlags: 1
  m_PrefabParentObject: {fileID: 0}
  m_PrefabInternal: {fileID: 100100000}
  m_GameObject: {fileID: 1634331411128438}
  m_LocalRotation: {x: 0, y: -0, z: -0, w: 1}
  m_LocalPosition: {x: -0.030779855, y: 7.926917e-10, z: -0.00000008560385}
  m_LocalScale: {x: 1, y: 1, z: 1}
  m_Children: []
  m_Father: {fileID: 4356650994299772}
  m_RootOrder: 0
  m_LocalEulerAnglesHint: {x: 0, y: 0, z: 0}
--- !u!4 &4794062316567364
Transform:
  m_ObjectHideFlags: 1
  m_PrefabParentObject: {fileID: 0}
  m_PrefabInternal: {fileID: 100100000}
  m_GameObject: {fileID: 1320192079819658}
  m_LocalRotation: {x: 0.0941701, y: 0.0061578685, z: -0.06998627, w: 0.99307406}
  m_LocalPosition: {x: 0.27614462, y: 0.00000023922223, z: 0.00000018304978}
  m_LocalScale: {x: 1, y: 1, z: 1}
  m_Children:
  - {fileID: 4110725955743392}
  - {fileID: 4080037393463032}
  - {fileID: 4451718148167446}
  - {fileID: 4267400261198804}
  - {fileID: 4576284601826096}
  - {fileID: 4008167958849172}
  m_Father: {fileID: 4197428215191384}
  m_RootOrder: 0
  m_LocalEulerAnglesHint: {x: 34.86297, y: 1.6477057, z: 1.5246342}
--- !u!4 &4796124454570412
Transform:
  m_ObjectHideFlags: 1
  m_PrefabParentObject: {fileID: 0}
  m_PrefabInternal: {fileID: 100100000}
  m_GameObject: {fileID: 1237180594625316}
  m_LocalRotation: {x: -0.020717314, y: -0.0042297337, z: 0.08485302, w: 0.9961691}
  m_LocalPosition: {x: 0.0024466955, y: -0.42047998, z: -0.020576412}
  m_LocalScale: {x: 1, y: 1, z: 1}
  m_Children:
  - {fileID: 4629080843329242}
  m_Father: {fileID: 4980728968994048}
  m_RootOrder: 0
  m_LocalEulerAnglesHint: {x: -15.106649, y: 0.26808184, z: -1.2187378}
--- !u!4 &4840538740245130
Transform:
  m_ObjectHideFlags: 1
  m_PrefabParentObject: {fileID: 0}
  m_PrefabInternal: {fileID: 100100000}
  m_GameObject: {fileID: 1583801571292432}
  m_LocalRotation: {x: 0, y: -0, z: -0, w: 1}
  m_LocalPosition: {x: 0.026794035, y: -0.015469455, z: 0.015469198}
  m_LocalScale: {x: 1, y: 1, z: 1}
  m_Children: []
  m_Father: {fileID: 4782540387877568}
  m_RootOrder: 0
  m_LocalEulerAnglesHint: {x: 0, y: 0, z: 0}
--- !u!4 &4852955191803942
Transform:
  m_ObjectHideFlags: 1
  m_PrefabParentObject: {fileID: 0}
  m_PrefabInternal: {fileID: 100100000}
  m_GameObject: {fileID: 1226129644894772}
  m_LocalRotation: {x: 0, y: -0, z: -0, w: 1}
  m_LocalPosition: {x: 0.28149924, y: 0.86656666, z: 0.07617267}
  m_LocalScale: {x: 1, y: 1, z: 1}
  m_Children: []
  m_Father: {fileID: 4459005353062146}
  m_RootOrder: 3
  m_LocalEulerAnglesHint: {x: 0, y: 0, z: 0}
--- !u!4 &4855122596781224
Transform:
  m_ObjectHideFlags: 1
  m_PrefabParentObject: {fileID: 0}
  m_PrefabInternal: {fileID: 100100000}
  m_GameObject: {fileID: 1171943540315154}
  m_LocalRotation: {x: 0.000000021627281, y: 0.019896809, z: -0.24440251, w: 0.9694697}
  m_LocalPosition: {x: 0.034597605, y: 4.0276923e-10, z: -0.00000026610658}
  m_LocalScale: {x: 1, y: 1, z: 1}
  m_Children:
  - {fileID: 4566274854677330}
  m_Father: {fileID: 4421706498119634}
  m_RootOrder: 0
  m_LocalEulerAnglesHint: {x: 0.025884107, y: 0.5540371, z: -4.556782}
--- !u!4 &4868379129230028
Transform:
  m_ObjectHideFlags: 1
  m_PrefabParentObject: {fileID: 0}
  m_PrefabInternal: {fileID: 100100000}
  m_GameObject: {fileID: 1845720957892284}
  m_LocalRotation: {x: 0.088196255, y: -0.029498674, z: 0.020003505, w: 0.9954653}
  m_LocalPosition: {x: -0.000000023707917, y: 0.103218354, z: 0.031424288}
  m_LocalScale: {x: 1, y: 1, z: 1}
  m_Children:
  - {fileID: 4367672722771870}
  - {fileID: 4413945316051178}
  - {fileID: 4571741271612296}
  m_Father: {fileID: 4249491969468534}
  m_RootOrder: 0
  m_LocalEulerAnglesHint: {x: -5.020909, y: -4.00433, z: 0.76267815}
--- !u!4 &4890560353632450
Transform:
  m_ObjectHideFlags: 1
  m_PrefabParentObject: {fileID: 0}
  m_PrefabInternal: {fileID: 100100000}
  m_GameObject: {fileID: 1950258968016698}
  m_LocalRotation: {x: 0.000000020918662, y: -0.021816509, z: 0.21300131, w: 0.9768083}
  m_LocalPosition: {x: -0.0330732, y: -2.4176444e-15, z: -0.0000002086162}
  m_LocalScale: {x: 1, y: 1, z: 1}
  m_Children:
  - {fileID: 4732098842787850}
  m_Father: {fileID: 4220549175076016}
  m_RootOrder: 0
  m_LocalEulerAnglesHint: {x: 0.2291396, y: -1.7599554, z: 14.752485}
--- !u!4 &4923041722865680
Transform:
  m_ObjectHideFlags: 1
  m_PrefabParentObject: {fileID: 0}
  m_PrefabInternal: {fileID: 100100000}
  m_GameObject: {fileID: 1621476356415584}
  m_LocalRotation: {x: -0.01422311, y: -0.114492044, z: 0.38156, w: 0.91711575}
  m_LocalPosition: {x: -0.10908195, y: -0.0022636643, z: -0.047258176}
  m_LocalScale: {x: 1, y: 1, z: 1}
  m_Children:
  - {fileID: 4989048400679024}
  m_Father: {fileID: 4352143754282928}
  m_RootOrder: 3
  m_LocalEulerAnglesHint: {x: 2.5288773, y: -6.728056, z: 25.971022}
--- !u!4 &4925261756553520
Transform:
  m_ObjectHideFlags: 1
  m_PrefabParentObject: {fileID: 0}
  m_PrefabInternal: {fileID: 100100000}
  m_GameObject: {fileID: 1860694381697722}
  m_LocalRotation: {x: 0.000000011182342, y: 0.009609465, z: -0.11803854, w: 0.99296254}
  m_LocalPosition: {x: 0.025948374, y: 0.0000000019635122, z: -0.00000036568247}
  m_LocalScale: {x: 1, y: 1, z: 1}
  m_Children:
  - {fileID: 4511338287881180}
  m_Father: {fileID: 4298469478313664}
  m_RootOrder: 0
  m_LocalEulerAnglesHint: {x: 0.025884107, y: 0.5540371, z: -4.556782}
--- !u!4 &4941956718682776
Transform:
  m_ObjectHideFlags: 1
  m_PrefabParentObject: {fileID: 0}
  m_PrefabInternal: {fileID: 100100000}
  m_GameObject: {fileID: 1991698475175964}
  m_LocalRotation: {x: 0.004358171, y: -0.07899415, z: 0.21771616, w: 0.97280043}
  m_LocalPosition: {x: -0.12775524, y: 0.00000011772202, z: 0.0000002034037}
  m_LocalScale: {x: 1, y: 1, z: 1}
  m_Children:
  - {fileID: 4782627252341460}
  m_Father: {fileID: 4352143754282928}
  m_RootOrder: 2
  m_LocalEulerAnglesHint: {x: 0.73330456, y: -3.0913594, z: 26.56866}
--- !u!4 &4966091104849008
Transform:
  m_ObjectHideFlags: 1
  m_PrefabParentObject: {fileID: 0}
  m_PrefabInternal: {fileID: 100100000}
  m_GameObject: {fileID: 1449447064887048}
  m_LocalRotation: {x: -0.0027647296, y: 0.05279267, z: -0.16643687, w: 0.984634}
  m_LocalPosition: {x: -0.037888095, y: -0.021669986, z: 0.03003088}
  m_LocalScale: {x: 1, y: 1, z: 1}
  m_Children:
  - {fileID: 4498090747378644}
  m_Father: {fileID: 4352143754282928}
  m_RootOrder: 5
  m_LocalEulerAnglesHint: {x: -0.56888175, y: -21.420315, z: 6.6111393}
--- !u!4 &4980728968994048
Transform:
  m_ObjectHideFlags: 1
  m_PrefabParentObject: {fileID: 0}
  m_PrefabInternal: {fileID: 100100000}
  m_GameObject: {fileID: 1348914806411102}
  m_LocalRotation: {x: 0.07854483, y: -0.04103246, z: -0.022166641, w: 0.99581915}
  m_LocalPosition: {x: -0.0024468026, y: -0.405954, z: -0.005170411}
  m_LocalScale: {x: 1, y: 1, z: 1}
  m_Children:
  - {fileID: 4796124454570412}
  m_Father: {fileID: 4225084213281220}
  m_RootOrder: 0
  m_LocalEulerAnglesHint: {x: 17.538723, y: -2.746722, z: -0.9874284}
--- !u!4 &4989048400679024
Transform:
  m_ObjectHideFlags: 1
  m_PrefabParentObject: {fileID: 0}
  m_PrefabInternal: {fileID: 100100000}
  m_GameObject: {fileID: 1097499598267634}
  m_LocalRotation: {x: 0.000000016278651, y: -0.024519565, z: 0.23939268, w: 0.9706132}
  m_LocalPosition: {x: -0.041366555, y: -1.2368565e-14, z: 0.00000026629462}
  m_LocalScale: {x: 1, y: 1, z: 1}
  m_Children:
  - {fileID: 4158100203989778}
  m_Father: {fileID: 4923041722865680}
  m_RootOrder: 0
  m_LocalEulerAnglesHint: {x: 0.5062983, y: 1.474248, z: 22.462103}
--- !u!4 &4990578599194612
Transform:
  m_ObjectHideFlags: 1
  m_PrefabParentObject: {fileID: 0}
  m_PrefabInternal: {fileID: 100100000}
  m_GameObject: {fileID: 1647220175458138}
  m_LocalRotation: {x: 0, y: -0, z: -0, w: 1}
  m_LocalPosition: {x: -0.0000000011347395, y: 0.000000004587741, z: 0.09992521}
  m_LocalScale: {x: 1, y: 1, z: 1}
  m_Children: []
  m_Father: {fileID: 4534611786698046}
  m_RootOrder: 0
  m_LocalEulerAnglesHint: {x: 0, y: 0, z: 0}
--- !u!54 &54566839452783842
Rigidbody:
  m_ObjectHideFlags: 1
  m_PrefabParentObject: {fileID: 0}
  m_PrefabInternal: {fileID: 100100000}
  m_GameObject: {fileID: 1698819713840720}
  serializedVersion: 2
  m_Mass: 1
  m_Drag: 0
  m_AngularDrag: 0.05
  m_UseGravity: 0
  m_IsKinematic: 0
  m_Interpolate: 0
  m_Constraints: 0
  m_CollisionDetection: 0
--- !u!95 &95079222522826626
Animator:
  serializedVersion: 3
  m_ObjectHideFlags: 1
  m_PrefabParentObject: {fileID: 0}
  m_PrefabInternal: {fileID: 100100000}
  m_GameObject: {fileID: 1320192079819658}
  m_Enabled: 1
  m_Avatar: {fileID: 0}
  m_Controller: {fileID: 9100000, guid: 379504262ed94c542a473196c9cc8d8c, type: 2}
  m_CullingMode: 0
  m_UpdateMode: 0
  m_ApplyRootMotion: 0
  m_LinearVelocityBlending: 0
  m_WarningMessage: 
  m_HasTransformHierarchy: 1
  m_AllowConstantClipSamplingOptimization: 1
--- !u!95 &95115202869549070
Animator:
  serializedVersion: 3
  m_ObjectHideFlags: 1
  m_PrefabParentObject: {fileID: 0}
  m_PrefabInternal: {fileID: 100100000}
  m_GameObject: {fileID: 1628543492511750}
  m_Enabled: 1
  m_Avatar: {fileID: 0}
  m_Controller: {fileID: 9100000, guid: e2df2bb91ef0d5f459f049f7745777bf, type: 2}
  m_CullingMode: 0
  m_UpdateMode: 0
  m_ApplyRootMotion: 0
  m_LinearVelocityBlending: 0
  m_WarningMessage: 
  m_HasTransformHierarchy: 1
  m_AllowConstantClipSamplingOptimization: 1
--- !u!95 &95421988029789780
Animator:
  serializedVersion: 3
  m_ObjectHideFlags: 1
  m_PrefabParentObject: {fileID: 0}
  m_PrefabInternal: {fileID: 100100000}
  m_GameObject: {fileID: 1698819713840720}
  m_Enabled: 1
  m_Avatar: {fileID: 9000000, guid: 7ed49945174b7b049b7ad6ea60733f26, type: 3}
  m_Controller: {fileID: 9100000, guid: 1b595e722db684f47985ce2663b6d600, type: 2}
  m_CullingMode: 1
  m_UpdateMode: 0
  m_ApplyRootMotion: 1
  m_LinearVelocityBlending: 0
  m_WarningMessage: 
  m_HasTransformHierarchy: 1
  m_AllowConstantClipSamplingOptimization: 1
--- !u!95 &95711859037735150
Animator:
  serializedVersion: 3
  m_ObjectHideFlags: 1
  m_PrefabParentObject: {fileID: 0}
  m_PrefabInternal: {fileID: 100100000}
  m_GameObject: {fileID: 1508193346086866}
  m_Enabled: 1
  m_Avatar: {fileID: 0}
  m_Controller: {fileID: 9100000, guid: 99cfcbe529715f24188ba9c492db338d, type: 2}
  m_CullingMode: 0
  m_UpdateMode: 0
  m_ApplyRootMotion: 0
  m_LinearVelocityBlending: 0
  m_WarningMessage: 
  m_HasTransformHierarchy: 1
  m_AllowConstantClipSamplingOptimization: 1
--- !u!114 &114029629319283206
MonoBehaviour:
  m_ObjectHideFlags: 1
  m_PrefabParentObject: {fileID: 0}
  m_PrefabInternal: {fileID: 100100000}
  m_GameObject: {fileID: 1211362010441174}
  m_Enabled: 1
  m_EditorHideFlags: 0
  m_Script: {fileID: 11500000, guid: e64d21d8ca8073340822310eb6ebcb9b, type: 3}
  m_Name: 
  m_EditorClassIdentifier: 
  playerID: 0
  currentPlayerColor: {fileID: 114579944974182322}
  grabPosition: {fileID: 4036307134908070}
  possibleItem: {fileID: 0}
--- !u!114 &114049946648886934
MonoBehaviour:
  m_ObjectHideFlags: 1
  m_PrefabParentObject: {fileID: 0}
  m_PrefabInternal: {fileID: 100100000}
  m_GameObject: {fileID: 1698819713840720}
  m_Enabled: 1
  m_EditorHideFlags: 0
  m_Script: {fileID: 11500000, guid: 627855c7f81362d41938ffe0b1475957, type: 3}
  m_Name: 
  m_EditorClassIdentifier: 
  m_PositionModel:
    SynchronizeEnabled: 1
    TeleportEnabled: 1
    TeleportIfDistanceGreaterThan: 3
    InterpolateOption: 4
    InterpolateMoveTowardsSpeed: 1
    InterpolateLerpSpeed: 10
    InterpolateMoveTowardsAcceleration: 2
    InterpolateMoveTowardsDeceleration: 2
    InterpolateSpeedCurve:
      serializedVersion: 2
      m_Curve:
      - serializedVersion: 2
        time: -1
        value: 0
        inSlope: 0
        outSlope: Infinity
        tangentMode: 0
      - serializedVersion: 2
        time: 0
        value: 1
        inSlope: 0
        outSlope: 0
        tangentMode: 0
      - serializedVersion: 2
        time: 1
        value: 1
        inSlope: 0
        outSlope: 1
        tangentMode: 0
      - serializedVersion: 2
        time: 4
        value: 4
        inSlope: 1
        outSlope: 0
        tangentMode: 0
      m_PreInfinity: 2
      m_PostInfinity: 2
      m_RotationOrder: 4
    ExtrapolateOption: 0
    ExtrapolateSpeed: 1
    ExtrapolateIncludingRoundTripTime: 1
    ExtrapolateNumberOfStoredPositions: 1
    DrawErrorGizmo: 1
  m_RotationModel:
    SynchronizeEnabled: 1
    InterpolateOption: 2
    InterpolateRotateTowardsSpeed: 180
    InterpolateLerpSpeed: 10
  m_ScaleModel:
    SynchronizeEnabled: 0
    InterpolateOption: 0
    InterpolateMoveTowardsSpeed: 1
    InterpolateLerpSpeed: 0
--- !u!114 &114100058861031604
MonoBehaviour:
  m_ObjectHideFlags: 1
  m_PrefabParentObject: {fileID: 0}
  m_PrefabInternal: {fileID: 100100000}
  m_GameObject: {fileID: 1203700595703864}
  m_Enabled: 1
  m_EditorHideFlags: 0
  m_Script: {fileID: 1301386320, guid: f70555f144d8491a825f0804e09c671c, type: 3}
  m_Name: 
  m_EditorClassIdentifier: 
  m_IgnoreReversedGraphics: 1
  m_BlockingObjects: 0
  m_BlockingMask:
    serializedVersion: 2
    m_Bits: 4294967295
--- !u!114 &114181756271134752
MonoBehaviour:
  m_ObjectHideFlags: 1
  m_PrefabParentObject: {fileID: 0}
  m_PrefabInternal: {fileID: 100100000}
  m_GameObject: {fileID: 1698819713840720}
  m_Enabled: 1
  m_EditorHideFlags: 0
  m_Script: {fileID: 11500000, guid: 8e9a053f09dcca14ca591a18f650a86a, type: 3}
  m_Name: 
  m_EditorClassIdentifier: 
  cameraName: OculusTouchCamera
--- !u!114 &114230390282176034
MonoBehaviour:
  m_ObjectHideFlags: 1
  m_PrefabParentObject: {fileID: 0}
  m_PrefabInternal: {fileID: 100100000}
  m_GameObject: {fileID: 1320192079819658}
  m_Enabled: 1
  m_EditorHideFlags: 0
  m_Script: {fileID: 11500000, guid: 9b8c4a61274f60b4ea5fb4299cfdbf14, type: 3}
  m_Name: 
  m_EditorClassIdentifier: 
  ShowLayerWeightsInspector: 1
  ShowParameterInspector: 1
  m_SynchronizeParameters:
  - Type: 4
    SynchronizeType: 1
    Name: ClosedHand
  m_SynchronizeLayers:
  - SynchronizeType: 1
    LayerIndex: 0
--- !u!114 &114343290558550082
MonoBehaviour:
  m_ObjectHideFlags: 1
  m_PrefabParentObject: {fileID: 0}
  m_PrefabInternal: {fileID: 100100000}
  m_GameObject: {fileID: 1698819713840720}
  m_Enabled: 1
  m_EditorHideFlags: 0
  m_Script: {fileID: 11500000, guid: 9b8c4a61274f60b4ea5fb4299cfdbf14, type: 3}
  m_Name: 
  m_EditorClassIdentifier: 
  ShowLayerWeightsInspector: 1
  ShowParameterInspector: 1
  m_SynchronizeParameters:
  - Type: 4
    SynchronizeType: 1
    Name: IsWalking
  m_SynchronizeLayers:
  - SynchronizeType: 2
    LayerIndex: 0
--- !u!114 &114349522716543874
MonoBehaviour:
  m_ObjectHideFlags: 1
  m_PrefabParentObject: {fileID: 0}
  m_PrefabInternal: {fileID: 100100000}
  m_GameObject: {fileID: 1698819713840720}
  m_Enabled: 1
  m_EditorHideFlags: 0
  m_Script: {fileID: 11500000, guid: 76d846e712b505f4b982d513d2878073, type: 3}
  m_Name: 
  m_EditorClassIdentifier: 
  ikActive: 1
  rightHandObj: {fileID: 0}
  leftHandObj: {fileID: 0}
  lookHeadObj: {fileID: 0}
--- !u!114 &114579944974182322
MonoBehaviour:
  m_ObjectHideFlags: 1
  m_PrefabParentObject: {fileID: 0}
  m_PrefabInternal: {fileID: 100100000}
  m_GameObject: {fileID: 1698819713840720}
  m_Enabled: 1
  m_EditorHideFlags: 0
  m_Script: {fileID: 11500000, guid: 38de57ad67db9be42ae7e9ad0cfb809f, type: 3}
  m_Name: 
  m_EditorClassIdentifier: 
  playerMeshRenderer: {fileID: 137854303324766546}
  currentColor: 0
--- !u!114 &114713608010638006
MonoBehaviour:
  m_ObjectHideFlags: 1
  m_PrefabParentObject: {fileID: 0}
  m_PrefabInternal: {fileID: 100100000}
  m_GameObject: {fileID: 1698819713840720}
  m_Enabled: 1
  m_EditorHideFlags: 0
  m_Script: {fileID: 11500000, guid: bee3c38082e82ed498b150da87fbab20, type: 3}
  m_Name: 
  m_EditorClassIdentifier: 
  playerAnimators:
  - {fileID: 95711859037735150}
  - {fileID: 95079222522826626}
  - {fileID: 95115202869549070}
  cameraAnimators: []
--- !u!114 &114720247729172240
MonoBehaviour:
  m_ObjectHideFlags: 1
  m_PrefabParentObject: {fileID: 0}
  m_PrefabInternal: {fileID: 100100000}
  m_GameObject: {fileID: 1508193346086866}
  m_Enabled: 1
  m_EditorHideFlags: 0
  m_Script: {fileID: 11500000, guid: aa584fbee541324448dd18d8409c7a41, type: 3}
  m_Name: 
  m_EditorClassIdentifier: 
  ownerId: 0
  group: 0
  OwnerShipWasTransfered: 0
  prefixBackup: -1
  synchronization: 3
  onSerializeTransformOption: 3
  onSerializeRigidBodyOption: 2
  ownershipTransfer: 0
  ObservedComponents:
  - {fileID: 114978383743256966}
  ObservedComponentsFoldoutOpen: 1
  viewIdField: 0
  instantiationId: -1
  currentMasterID: -1
  isRuntimeInstantiated: 0
--- !u!114 &114720695205853138
MonoBehaviour:
  m_ObjectHideFlags: 1
  m_PrefabParentObject: {fileID: 0}
  m_PrefabInternal: {fileID: 100100000}
  m_GameObject: {fileID: 1211362010441174}
  m_Enabled: 1
  m_EditorHideFlags: 0
  m_Script: {fileID: 11500000, guid: 810cd420c58d0064d813759f399e7f6a, type: 3}
  m_Name: 
  m_EditorClassIdentifier: 
  animationManager: {fileID: 114713608010638006}
  currentPlatform: {fileID: 114999856140311968}
  teleportMarker: {fileID: 1354032693533564}
  rayCastOrigin: {fileID: 4110725955743392}
  RayLength: 10
  walkingSpeed: 2
--- !u!114 &114759368133792666
MonoBehaviour:
  m_ObjectHideFlags: 1
  m_PrefabParentObject: {fileID: 0}
  m_PrefabInternal: {fileID: 100100000}
  m_GameObject: {fileID: 1698819713840720}
  m_Enabled: 1
  m_EditorHideFlags: 0
  m_Script: {fileID: 11500000, guid: aa584fbee541324448dd18d8409c7a41, type: 3}
  m_Name: 
  m_EditorClassIdentifier: 
  ownerId: 0
  group: 0
  OwnerShipWasTransfered: 0
  prefixBackup: -1
  synchronization: 3
  onSerializeTransformOption: 3
  onSerializeRigidBodyOption: 2
  ownershipTransfer: 0
  ObservedComponents:
  - {fileID: 114343290558550082}
  - {fileID: 114049946648886934}
  - {fileID: 114579944974182322}
  ObservedComponentsFoldoutOpen: 1
  viewIdField: 0
  instantiationId: -1
  currentMasterID: -1
  isRuntimeInstantiated: 0
--- !u!114 &114815117011232724
MonoBehaviour:
  m_ObjectHideFlags: 1
  m_PrefabParentObject: {fileID: 0}
  m_PrefabInternal: {fileID: 100100000}
  m_GameObject: {fileID: 1203700595703864}
  m_Enabled: 1
  m_EditorHideFlags: 0
  m_Script: {fileID: 1980459831, guid: f70555f144d8491a825f0804e09c671c, type: 3}
  m_Name: 
  m_EditorClassIdentifier: 
  m_UiScaleMode: 0
  m_ReferencePixelsPerUnit: 100
  m_ScaleFactor: 1
  m_ReferenceResolution: {x: 800, y: 600}
  m_ScreenMatchMode: 0
  m_MatchWidthOrHeight: 0
  m_PhysicalUnit: 3
  m_FallbackScreenDPI: 96
  m_DefaultSpriteDPI: 96
  m_DynamicPixelsPerUnit: 1
--- !u!114 &114910742265450914
MonoBehaviour:
  m_ObjectHideFlags: 1
  m_PrefabParentObject: {fileID: 0}
  m_PrefabInternal: {fileID: 100100000}
  m_GameObject: {fileID: 1089245512518420}
  m_Enabled: 1
  m_EditorHideFlags: 0
  m_Script: {fileID: -765806418, guid: f70555f144d8491a825f0804e09c671c, type: 3}
  m_Name: 
  m_EditorClassIdentifier: 
  m_Material: {fileID: 0}
  m_Color: {r: 1, g: 1, b: 1, a: 1}
  m_RaycastTarget: 1
  m_OnCullStateChanged:
    m_PersistentCalls:
      m_Calls: []
    m_TypeName: UnityEngine.UI.MaskableGraphic+CullStateChangedEvent, UnityEngine.UI,
      Version=1.0.0.0, Culture=neutral, PublicKeyToken=null
  m_Sprite: {fileID: 21300000, guid: 6b6dd004bc4c2214c8ead8c3910b8795, type: 3}
  m_Type: 0
  m_PreserveAspect: 0
  m_FillCenter: 1
  m_FillMethod: 4
  m_FillAmount: 1
  m_FillClockwise: 1
  m_FillOrigin: 0
--- !u!114 &114928680339879552
MonoBehaviour:
  m_ObjectHideFlags: 1
  m_PrefabParentObject: {fileID: 0}
  m_PrefabInternal: {fileID: 100100000}
  m_GameObject: {fileID: 1211362010441174}
  m_Enabled: 1
  m_EditorHideFlags: 0
  m_Script: {fileID: 11500000, guid: 234d16d258a9af145afede49d15d16c6, type: 3}
  m_Name: 
  m_EditorClassIdentifier: 
  oculusInputManager: {fileID: 0}
  motionManager: {fileID: 114720695205853138}
  playerInteractionManager: {fileID: 114029629319283206}
--- !u!114 &114978383743256966
MonoBehaviour:
  m_ObjectHideFlags: 1
  m_PrefabParentObject: {fileID: 0}
  m_PrefabInternal: {fileID: 100100000}
  m_GameObject: {fileID: 1508193346086866}
  m_Enabled: 1
  m_EditorHideFlags: 0
  m_Script: {fileID: 11500000, guid: 9b8c4a61274f60b4ea5fb4299cfdbf14, type: 3}
  m_Name: 
  m_EditorClassIdentifier: 
  ShowLayerWeightsInspector: 1
  ShowParameterInspector: 1
  m_SynchronizeParameters:
  - Type: 4
    SynchronizeType: 1
    Name: ClosedHand
  m_SynchronizeLayers:
  - SynchronizeType: 1
    LayerIndex: 0
--- !u!114 &114997858032624746
MonoBehaviour:
  m_ObjectHideFlags: 1
  m_PrefabParentObject: {fileID: 0}
  m_PrefabInternal: {fileID: 100100000}
  m_GameObject: {fileID: 1320192079819658}
  m_Enabled: 1
  m_EditorHideFlags: 0
  m_Script: {fileID: 11500000, guid: aa584fbee541324448dd18d8409c7a41, type: 3}
  m_Name: 
  m_EditorClassIdentifier: 
  ownerId: 0
  group: 0
  OwnerShipWasTransfered: 0
  prefixBackup: -1
  synchronization: 3
  onSerializeTransformOption: 3
  onSerializeRigidBodyOption: 2
  ownershipTransfer: 0
  ObservedComponents:
  - {fileID: 114230390282176034}
  ObservedComponentsFoldoutOpen: 1
  viewIdField: 0
  instantiationId: -1
  currentMasterID: -1
  isRuntimeInstantiated: 0
--- !u!114 &114999856140311968
MonoBehaviour:
  m_ObjectHideFlags: 1
  m_PrefabParentObject: {fileID: 0}
  m_PrefabInternal: {fileID: 100100000}
  m_GameObject: {fileID: 1698819713840720}
  m_Enabled: 1
  m_EditorHideFlags: 0
  m_Script: {fileID: 11500000, guid: 5157692043679bf4799385052fe54dbd, type: 3}
  m_Name: 
  m_EditorClassIdentifier: 
  platform: 1
--- !u!135 &135056092693407282
SphereCollider:
  m_ObjectHideFlags: 1
  m_PrefabParentObject: {fileID: 0}
  m_PrefabInternal: {fileID: 100100000}
  m_GameObject: {fileID: 1211362010441174}
  m_Material: {fileID: 0}
  m_IsTrigger: 1
  m_Enabled: 1
  serializedVersion: 2
  m_Radius: 0.4
  m_Center: {x: 0, y: 0, z: 0.33}
--- !u!135 &135754805638919864
SphereCollider:
  m_ObjectHideFlags: 1
  m_PrefabParentObject: {fileID: 0}
  m_PrefabInternal: {fileID: 100100000}
  m_GameObject: {fileID: 1698819713840720}
  m_Material: {fileID: 0}
  m_IsTrigger: 1
  m_Enabled: 1
  serializedVersion: 2
  m_Radius: 0.5
  m_Center: {x: 0, y: 1.53, z: 0}
--- !u!137 &137854303324766546
SkinnedMeshRenderer:
  m_ObjectHideFlags: 1
  m_PrefabParentObject: {fileID: 0}
  m_PrefabInternal: {fileID: 100100000}
  m_GameObject: {fileID: 1587656652179994}
  m_Enabled: 1
  m_CastShadows: 1
  m_ReceiveShadows: 1
  m_MotionVectors: 1
  m_LightProbeUsage: 1
  m_ReflectionProbeUsage: 1
  m_Materials:
  - {fileID: 2100000, guid: 155ec6a0b97227849910f1b536edb51e, type: 2}
  m_StaticBatchInfo:
    firstSubMesh: 0
    subMeshCount: 0
  m_StaticBatchRoot: {fileID: 0}
  m_ProbeAnchor: {fileID: 0}
  m_LightProbeVolumeOverride: {fileID: 0}
  m_ScaleInLightmap: 1
  m_PreserveUVs: 0
  m_IgnoreNormalsForChartDetection: 0
  m_ImportantGI: 0
  m_SelectedEditorRenderState: 3
  m_MinimumChartSize: 4
  m_AutoUVMaxDistance: 0.5
  m_AutoUVMaxAngle: 89
  m_LightmapParameters: {fileID: 0}
  m_SortingLayerID: 0
  m_SortingLayer: 0
  m_SortingOrder: 0
  serializedVersion: 2
  m_Quality: 0
  m_UpdateWhenOffscreen: 0
  m_SkinnedMotionVectors: 1
  m_Mesh: {fileID: 4300000, guid: 7ed49945174b7b049b7ad6ea60733f26, type: 3}
  m_Bones:
  - {fileID: 4069975233436866}
  - {fileID: 4165598019191604}
  - {fileID: 4345253468814036}
  - {fileID: 4693251859242656}
  - {fileID: 4249491969468534}
  - {fileID: 4868379129230028}
  - {fileID: 4696193903218940}
  - {fileID: 4739388077390846}
  - {fileID: 4442067227234602}
  - {fileID: 4352143754282928}
  - {fileID: 4941956718682776}
  - {fileID: 4782627252341460}
  - {fileID: 4521438754898222}
  - {fileID: 4966091104849008}
  - {fileID: 4498090747378644}
  - {fileID: 4655382577054606}
  - {fileID: 4509882032004698}
  - {fileID: 4350858960786012}
  - {fileID: 4356650994299772}
  - {fileID: 4601728692834976}
  - {fileID: 4220549175076016}
  - {fileID: 4890560353632450}
  - {fileID: 4923041722865680}
  - {fileID: 4989048400679024}
  - {fileID: 4158100203989778}
  - {fileID: 4269536880717276}
  - {fileID: 4152574956135090}
  - {fileID: 4197428215191384}
  - {fileID: 4794062316567364}
  - {fileID: 4451718148167446}
  - {fileID: 4421706498119634}
  - {fileID: 4855122596781224}
  - {fileID: 4267400261198804}
  - {fileID: 4773665257471686}
  - {fileID: 4782540387877568}
  - {fileID: 4080037393463032}
  - {fileID: 4059058977733738}
  - {fileID: 4543474376101824}
  - {fileID: 4008167958849172}
  - {fileID: 4635643820169458}
  - {fileID: 4518708985598562}
  - {fileID: 4576284601826096}
  - {fileID: 4298469478313664}
  - {fileID: 4925261756553520}
  - {fileID: 4379420415347688}
  - {fileID: 4066112160910456}
  - {fileID: 4675222420236840}
  - {fileID: 4534611786698046}
  - {fileID: 4225084213281220}
  - {fileID: 4980728968994048}
  - {fileID: 4796124454570412}
  - {fileID: 4629080843329242}
  m_BlendShapeWeights: []
  m_RootBone: {fileID: 4069975233436866}
  m_AABB:
    m_Center: {x: -0.008177802, y: -0.08826229, z: 0.06391226}
    m_Extent: {x: 0.3598625, y: 0.9022722, z: 0.22442366}
  m_DirtyAABB: 0
--- !u!137 &137932631983691636
SkinnedMeshRenderer:
  m_ObjectHideFlags: 1
  m_PrefabParentObject: {fileID: 0}
  m_PrefabInternal: {fileID: 100100000}
  m_GameObject: {fileID: 1751426757312132}
  m_Enabled: 1
  m_CastShadows: 1
  m_ReceiveShadows: 1
  m_MotionVectors: 1
  m_LightProbeUsage: 1
  m_ReflectionProbeUsage: 1
  m_Materials:
  - {fileID: 2100000, guid: 14f555a53280bd64e9e61a9c2a7de745, type: 2}
  m_StaticBatchInfo:
    firstSubMesh: 0
    subMeshCount: 0
  m_StaticBatchRoot: {fileID: 0}
  m_ProbeAnchor: {fileID: 0}
  m_LightProbeVolumeOverride: {fileID: 0}
  m_ScaleInLightmap: 1
  m_PreserveUVs: 0
  m_IgnoreNormalsForChartDetection: 0
  m_ImportantGI: 0
  m_SelectedEditorRenderState: 3
  m_MinimumChartSize: 4
  m_AutoUVMaxDistance: 0.5
  m_AutoUVMaxAngle: 89
  m_LightmapParameters: {fileID: 0}
  m_SortingLayerID: 0
  m_SortingLayer: 0
  m_SortingOrder: 0
  serializedVersion: 2
  m_Quality: 0
  m_UpdateWhenOffscreen: 0
  m_SkinnedMotionVectors: 1
  m_Mesh: {fileID: 4300002, guid: 7ed49945174b7b049b7ad6ea60733f26, type: 3}
  m_Bones:
  - {fileID: 4069975233436866}
  - {fileID: 4165598019191604}
  - {fileID: 4345253468814036}
  - {fileID: 4693251859242656}
  - {fileID: 4249491969468534}
  - {fileID: 4868379129230028}
  - {fileID: 4696193903218940}
  - {fileID: 4739388077390846}
  - {fileID: 4442067227234602}
  - {fileID: 4352143754282928}
  - {fileID: 4941956718682776}
  - {fileID: 4782627252341460}
  - {fileID: 4521438754898222}
  - {fileID: 4966091104849008}
  - {fileID: 4498090747378644}
  - {fileID: 4655382577054606}
  - {fileID: 4509882032004698}
  - {fileID: 4350858960786012}
  - {fileID: 4356650994299772}
  - {fileID: 4601728692834976}
  - {fileID: 4220549175076016}
  - {fileID: 4890560353632450}
  - {fileID: 4923041722865680}
  - {fileID: 4989048400679024}
  - {fileID: 4158100203989778}
  - {fileID: 4269536880717276}
  - {fileID: 4152574956135090}
  - {fileID: 4197428215191384}
  - {fileID: 4794062316567364}
  - {fileID: 4451718148167446}
  - {fileID: 4421706498119634}
  - {fileID: 4855122596781224}
  - {fileID: 4267400261198804}
  - {fileID: 4773665257471686}
  - {fileID: 4782540387877568}
  - {fileID: 4080037393463032}
  - {fileID: 4059058977733738}
  - {fileID: 4543474376101824}
  - {fileID: 4008167958849172}
  - {fileID: 4635643820169458}
  - {fileID: 4518708985598562}
  - {fileID: 4576284601826096}
  - {fileID: 4298469478313664}
  - {fileID: 4925261756553520}
  - {fileID: 4379420415347688}
  - {fileID: 4066112160910456}
  - {fileID: 4675222420236840}
  - {fileID: 4534611786698046}
  - {fileID: 4225084213281220}
  - {fileID: 4980728968994048}
  - {fileID: 4796124454570412}
  - {fileID: 4629080843329242}
  m_BlendShapeWeights: []
  m_RootBone: {fileID: 4069975233436866}
  m_AABB:
    m_Center: {x: -0.0026779622, y: -0.18349096, z: 0.044027843}
    m_Extent: {x: 0.33279145, y: 0.79774356, z: 0.17995316}
  m_DirtyAABB: 0
--- !u!222 &222017915145477306
CanvasRenderer:
  m_ObjectHideFlags: 1
  m_PrefabParentObject: {fileID: 0}
  m_PrefabInternal: {fileID: 100100000}
  m_GameObject: {fileID: 1089245512518420}
--- !u!223 &223151319744594462
Canvas:
  m_ObjectHideFlags: 1
  m_PrefabParentObject: {fileID: 0}
  m_PrefabInternal: {fileID: 100100000}
  m_GameObject: {fileID: 1203700595703864}
  m_Enabled: 1
  serializedVersion: 3
  m_RenderMode: 2
  m_Camera: {fileID: 0}
  m_PlaneDistance: 100
  m_PixelPerfect: 0
  m_ReceivesEvents: 1
  m_OverrideSorting: 0
  m_OverridePixelPerfect: 0
  m_SortingBucketNormalizedSize: 0
  m_AdditionalShaderChannelsFlag: 0
  m_SortingLayerID: 0
  m_SortingOrder: 0
  m_TargetDisplay: 0
--- !u!224 &224035162268976404
RectTransform:
  m_ObjectHideFlags: 1
  m_PrefabParentObject: {fileID: 0}
  m_PrefabInternal: {fileID: 100100000}
  m_GameObject: {fileID: 1203700595703864}
  m_LocalRotation: {x: -0.7071068, y: 0, z: 0, w: 0.7071068}
  m_LocalPosition: {x: 0, y: 0, z: 0}
  m_LocalScale: {x: 1, y: 1, z: 1}
  m_Children:
  - {fileID: 224660545869990506}
  m_Father: {fileID: 4639822346046848}
  m_RootOrder: 0
  m_LocalEulerAnglesHint: {x: -90, y: 0, z: 0}
  m_AnchorMin: {x: 0, y: 0}
  m_AnchorMax: {x: 0, y: 0}
  m_AnchoredPosition: {x: 0, y: 0}
  m_SizeDelta: {x: 1, y: 1}
  m_Pivot: {x: 0.5, y: 0.5}
--- !u!224 &224660545869990506
RectTransform:
  m_ObjectHideFlags: 1
  m_PrefabParentObject: {fileID: 0}
  m_PrefabInternal: {fileID: 100100000}
  m_GameObject: {fileID: 1089245512518420}
  m_LocalRotation: {x: 0, y: 0, z: 0, w: 1}
  m_LocalPosition: {x: 0, y: 0, z: 0}
  m_LocalScale: {x: 1, y: 1, z: 1}
  m_Children: []
  m_Father: {fileID: 224035162268976404}
  m_RootOrder: 0
  m_LocalEulerAnglesHint: {x: 0, y: 0, z: 0}
  m_AnchorMin: {x: 0.5, y: 0.5}
  m_AnchorMax: {x: 0.5, y: 0.5}
  m_AnchoredPosition: {x: 0, y: 0}
  m_SizeDelta: {x: 1, y: 1}
  m_Pivot: {x: 0.5, y: 0.5}
